2674 3950
172 187 239 252 372
468 187 660 242 LENTVLVS
697 187 894 242 MARVLLVS

174 355 282 416 cutem
314 372 425 415 caesus
457 355 489 415 et
521 351 607 415 ultra
639 351 724 415 inter
756 351 895 415 fullones
927 351 991 415 iam
1023 349 1192 417 Nouianos
1255 437 1260 444 υ

173 457 375 522 coronandus
414 458 595 542 meritoque
637 456 903 544 mimographo
945 457 1110 522 Lentulo
1152 458 1192 521 in

175 563 451 628 Catinensibus
483 568 802 629 commemoratus
832 563 946 646 utique
979 563 1064 627 sicut
1095 565 1192 628 uesti-

174 671 228 758 gia
246 674 393 734 cestuum
412 670 505 734 uiriis
524 671 705 754 occupauit,
723 671 769 735 ita
788 674 820 734 et
839 669 1035 734 endromidis
1052 671 1193 735 solocem

174 778 284 861 aliqua
305 777 452 841 multicia
477 776 622 860 synthesi
650 778 809 841 extmsit?
857 775 903 841 cf.
927 775 1019 841 Furii
1044 777 1192 842 Bibaculi

174 885 209 948 in
233 883 333 948 schol.
351 881 461 948 Iuven.
482 884 511 969 8,
532 883 573 948 16
601 906 730 948 versum
754 882 847 948 ‘Osce
874 905 970 949 senex
996 883 1192 969 Catinaeque

173 1012 262 1075 puer,
287 988 431 1054 Cumana
454 989 628 1055 meretrix?

361 1244 1004 1334 unurvui*nosussn1

244 1413 433 1482 Hieronymus
457 1414 520 1468 adv.
539 1414 630 1468 Rufin.
652 1415 678 1468 H
700 1433 727 1484 p.
742 1420 795 1468 414
821 1415 862 1467 ‘et
883 1414 966 1482 quasi
988 1413 1105 1467 mimum
1127 1412 1195 1466 Phi-

175 1483 299 1538 listionis
318 1485 365 1538 uel
383 1485 498 1538 Lentuli
517 1503 549 1540 ac
564 1485 592 1554 (l.
609 1489 672 1554 aut)
691 1485 806 1540 Marulli
830 1486 975 1555 stropham
993 1483 1119 1556 eleganti
1137 1500 1194 1537 ser-

175 1572 258 1609 mone
282 1556 453 1610 confictam’.
491 1556 531 1624 Of.
551 1557 742 1611 Tertullianus
762 1556 800 1610 ad
818 1556 948 1610 nationes
967 1557 980 1610 I
1000 1562 1034 1611 10
1054 1557 1195 1610 Mercator

175 1626 205 1680 in
228 1626 350 1680 Marium
373 1634 432 1697 p.9
456 1629 487 1681 Β.
515 1629 702 1697 ρωῄςμὶῑὼεη.
722 1634 770 1696 44,
791 1631 853 1697 539)
881 1627 1021 1682 Anubidis
1048 1626 1194 1697 personati

176 1715 212 1751 se.
234 1698 405 1751 adulterium
429 1697 630 1769 aliquod-ipso
647 1715 732 1766 aerae
752 1701 867 1753 nostrae
891 1699 974 1753 initio
993 1699 1100 1752 Romae
1119 1715 1194 1751 com-

174 1768 292 1822 missum
312 1769 446 1839 Iosephus
471 1770 602 1838 antiquit.
617 1770 707 1824 XVlH
726 1777 782 1839 3,4
805 1773 915 1839 narrat3
941 1770 976 1825 de
1000 1770 1080 1824 Luno
1099 1767 1191 1824 Carris

174 1840 251 1895 culte
271 1840 438 1909 Spartianus
456 1841 487 1894 in
506 1841 645 1896 Caracalli
663 1841 724 1896 vita
743 1859 766 1896 c.
783 1848 806 1896 7.

242 1967 463 2032 Tertullianus
495 1967 621 2054 apolog.
650 1967 690 2031 15
724 1967 885 2053 ‘dispicite
916 1967 1130 2033 Lentulorum
1162 1970 1194 2031 et

174 2073 392 2138 Hostiliorum
415 2077 602 2138 uenustates
628 2077 739 2137 utrum
763 2075 880 2139 mimos
905 2097 946 2138 an
969 2075 1045 2140 deos
1068 2077 1194 2138 uestros

174 2181 209 2244 in
236 2179 316 2244 iocis
344 2183 376 2243 et
405 2178 547 2264 strophis
574 2180 719 2244 rideatis:
750 2180 945 2245 moechum
973 2179 1128 2244 Anubin
1157 2183 1194 2244 et

174 2286 386 2350 masculum
422 2285 565 2349 Lunam
603 2289 640 2350 et
677 2285 837 2350 Dianam
876 2286 1119 2373 flagellatam
1156 2290 1193 2351 et

175 2393 281 2457 Iouis
313 2393 458 2456 mortui
490 2396 764 2457 testamentum
795 2393 1001 2457 recitatum
1039 2397 1076 2457 et
1112 2397 1193 2457 tres

175 2498 363 2563 Hercules
390 2499 590 2564 famelicos
618 2499 783 2565 inrisos.²

479 2755 881 2845 MARVLLVS

246 2922 288 2976 De
309 2923 443 2976 vanno
467 2921 632 2976 testimonia
656 2923 814 2992 composuit
835 2923 976 2994 Hauptius
999 2923 1092 2977 Herm.
1111 2922 1192 2979 143:

177 2993 250 3047 adde
269 2993 296 3048 S.
311 2993 425 3047 Paulini
443 2993 530 3062 epigr.
550 2993 580 3045 in
598 3010 672 3062 corp.
688 2994 755 3048 eccl.
772 2995 822 3048 lat.
839 3002 881 3066 16,
897 3002 948 3050 499
968 3014 993 3050 v.
1010 3001 1056 3063 79,
1082 2994 1116 3048 de
1135 3011 1194 3062 quo

176 3064 313 3119 Manitius
332 3065 362 3117 in
381 3082 450 3119 mus.
466 3065 554 3118 Rhen.
570 3070 612 3133 50,
629 3071 688 3118 153.

504 3232 670 3292 INOMRTI
692 3231 862 3293 NOMINTS

675 3341 691 3398 I

177 3491 184 3504 .
232 3491 237 3502 .
286 3489 291 3502 .
338 3491 344 3503 .
392 3443 428 3503 tu
451 3439 624 3505 Hectorem
647 3441 788 3506 imitare:
816 3441 857 3505 ab
880 3440 951 3506 ‘llio

176 3544 364 3628 Numquam
387 3547 518 3611 recedis.
