2696 3946
168 216 231 280 140
338 215 388 270 EX
405 215 572 271 INCERTIS
590 215 831 270 INCER'IORVM
844 215 1002 270 Fluviis

614 383 728 443 XXXII

166 485 264 551 Modo
287 507 412 574 pueroS,
435 486 531 552 modo
558 486 777 551 adulescentes
799 484 834 549 in
857 506 953 550 cursu
977 506 995 549 a
1017 488 1109 570 tergo
1136 483 1183 548 in-

916 612 1052 676 sequens

167 680 236 748 Nee
260 681 423 766 opinantis
446 681 596 746 adsecuta
620 685 676 746 est.

240 801 335 858 Cicero
358 802 438 857 Tusa.
459 801 530 872 disp.
549 803 562 856 I
581 808 628 871 39,
648 808 682 856 94
707 803 791 869 ‘quae
814 816 881 856 uero
910 804 989 855 aetas
1017 801 1105 871 longa
1132 805 1185 871 est,

169 875 219 928 aut
242 872 311 942 quid
334 873 447 928 omnino
471 873 580 928 homini
603 873 737 942 longum?
774 871 874 926 Nonne
896 873 994 927 modo
1086 873 1184 927 adse-

169 947 249 1000 cuta
269 947 322 999 est
341 945 532 1000 senectust’

242 1057 308 1122 laq.
328 1067 420 1106 ceraue
438 1069 456 1105 o
533 1051 550 1104 't
563 1050 707 1105 Bentleiaa
760 1049 804 1104 Dc
822 1051 1017 1121 syaecpboaea'
1034 1052 1066 1105 ia
1082 1065 1184 1120 pueros

168 1122 368 1177 Lucbmoaaua
392 1123 424 1176 ia
525 1126 599 1175 ,129
618 1123 706 1188 dixin
733 1121 767 1188 of.
783 1120 846 1176 Lio.
861 1128 895 1176 tr.
911 1126 953 1175 26.
972 1122 1075 1190 pueros
1099 1121 1184 1176 modo

170 1193 368 1249 Fleckeiaeaaa.

611 1271 740 1329 XXXIII

116 1391 152 1440 45
172 1370 286 1438 Sentin
309 1393 418 1437 senem
441 1394 509 1437 esse
532 1373 654 1438 tactum
673 1372 810 1460 triginta
832 1372 954 1437 minis?

242 1492 337 1547 Cicero
353 1493 388 1546 de
402 1495 472 1547 orat.
485 1492 512 1546 H
526 1498 569 1561 64,
579 1498 631 1547 257
652 1494 748 1564 ‘saepe
766 1493 854 1548 etiam
872 1509 969 1548 uersus
988 1493 1081 1548 facete
1099 1493 1186 1548 inter·

169 1563 284 1634 ponitur
302 1563 349 1618 uel
366 1566 400 1618 ut
418 1567 462 1618 eat
478 1563 526 1618 uel
548 1563 696 1634 paululum
718 1565 897 1635 immutatus,
925 1567 975 1620 aut
999 1564 1096 1633 aliqua
1118 1582 1185 1635 pars

169 1651 276 1704 uersus,
295 1637 329 1688 ut
348 1678 353 1690 .
370 1679 376 1689 ‚
392 1676 398 1689 .
414 1633 529 1707 [caecil.
544 1635 598 1691 inc.
613 1635 670 1692 fab.
685 1636 736 1708 IV]
755 1636 830 1690 Nam
847 1635 878 1690 in
897 1635 992 1691 Caelio
1012 1652 1079 1690 sane
1098 1635 1186 1690 etiam

170 1706 207 1760 ad
222 1722 337 1760 causam
350 1705 421 1760 utile
435 1705 491 1760 fuit
503 1709 584 1760 tuum
598 1706 679 1774 illud,
689 1706 804 1777 Antoni,
819 1724 883 1762 cum
897 1706 946 1761 ille
961 1724 978 1760 a
994 1723 1023 1760 se
1036 1706 1186 1777 pecuniam

169 1777 326 1859 prolectam
340 1776 446 1832 diceret
459 1777 542 1832 testis
559 1781 589 1831 et
601 1777 720 1832 haberet
732 1777 823 1832 filium
841 1777 1044 1848 delicatiorem,
1064 1778 1186 1832 abeunte

169 1865 227 1901 1am
245 1847 306 1904 illo:
334 1847 466 1903 santin'
487 1864 510 1904 e.
526 1866 557 1917 .q.
577 1867 597 1903 s.

242 1936 317 1992 satin
336 1937 398 1993 Bae

615 2017 741 2076 XXXIV

169 2116 246 2184 Non
264 2121 301 2182 tu
320 2117 404 2182 scis?
426 2117 455 2182 si
474 2119 553 2202 quis
567 2118 739 2203 <quando>
754 2117 846 2182 aedes
860 2117 946 2205 ignis
961 2118 1047 2202 cepit
1060 2118 1187 2204 acriter,

171 2222 268 2287 Haud
295 2222 421 2288 facilest
448 2223 580 2288 defensa
604 2225 660 2308 qui
682 2246 723 2288 ne
747 2223 979 2288 c6mburantur
1000 2225 1186 2309 proxumae.

243 2343 386 2398 Charisius
404 2362 431 2414 p.
448 2349 499 2398 176
509 2345 545 2398 Ρ.’
561 2344 707 2399 ‘acriter
725 2344 838 2415 Crispus
857 2345 896 2398 IlI
910 2363 944 2400 a*
958 2361 1025 2399 non
1043 2348 1081 2400 tu
1100 2345 1184 2400 scis'
1280 2377 1285 2384 ·

171 2432 282 2541 §bitho
320 2414 432 2470 Comico
455 2418 557 2484 poetae
580 2415 683 2470 tribuit
705 2432 801 2470 versus
824 2415 933 2470 Keilius
961 2415 1092 2485 idemque
1121 2433 1187 2471 con-

244 2597 258 2646 1
277 2607 370 2646 nonne
395 2591 518 2661 Kailios,
543 2610 599 2663 qaeu
612 2589 755 2662 commata
776 2595 931 2650 Terentiana
948 2601 1017 2651 certe
1035 2611 1115 2649 acum
1133 2611 1187 2650 asae

170 2671 284 2733 coastat,
303 2665 336 2718 dc
354 2664 458 2719 Hoato
476 2666 620 2720 dubitatio
687 2665 800 2732 quando
818 2667 882 2720 odd.
904 2666 1099 2722 Flecteiaeaua
1118 2683 1185 2720 aaa.

166 2735 274 2804 pbaloll.
295 2739 364 2788 1872
379 2752 409 2804 p.
425 2741 477 2789 365
550 2741 566 2788 2
585 2734 670 2788 facile
689 2737 733 2789 est
751 2737 861 2791 Kailios
878 2735 963 2790 facile
983 2739 1049 2790 sunt
1066 2738 1123 2792 cod.
1144 2735 1186 2790 fa·

171 2805 239 2861 ciles
259 2808 324 2859 sunt
344 2805 378 2861 G.
393 2806 549 2877 Wayaerus
566 2807 664 2876 cplwm.
683 2821 806 2878 yyamos.
827 2812 940 2877 185519.
957 2813 1008 2862 192

622 2938 733 2996 XXXV

170 3038 322 3106 Felicitas
345 3042 394 3104 est
417 3039 514 3123 quim
537 3043 655 3104 uocant
678 3039 878 3123 sapiintiam.

244 3159 435 3226 Quintilianus
453 3159 493 3215 VI
518 3165 547 3230 3,
567 3165 600 3214 97
631 3159 785 3214 ‘adiuuant
812 3160 1004 3216 urbanitatem
1032 3165 1062 3216 et
1088 3178 1187 3217 uersus

172 3230 317 3286 commode
335 3229 431 3300 positi,
451 3246 500 3285 seu
518 3230 582 3299 toti,
600 3233 633 3285 ut
652 3233 718 3285 sunt
732 3273 739 3286 .
755 3275 761 3288 .
777 3275 783 3286 .
799 3248 848 3286 seu
864 3232 958 3287 uerbis
978 3249 1012 3287 ex
1030 3236 1111 3303 parte
1125 3250 1185 3287 mu-

171 3301 254 3370 tatis;
277 3304 310 3355 ut
332 3301 363 3355 in
386 3318 462 3372 eum,
487 3301 548 3370 qul,
573 3318 636 3355 cum
659 3304 744 3356 antea
764 3302 947 3358 stultissimus
967 3307 1042 3359 asset
1059 3303 1186 3372 habitus,

169 3375 236 3442 post
250 3375 396 3442 acceptam
409 3372 598 3427 hereditatam
606 3373 713 3442 primus
724 3373 893 3428 sententiam
901 3375 1070 3456 rogabatur:
1089 3376 1186 3429 here·

171 3443 264 3497 ditas
284 3445 336 3496 est
354 3460 452 3511 quam
474 3446 602 3499 uocant
624 3443 846 3526 sapientiam,
868 3462 919 3514 pro
938 3445 1003 3502 illo:
1026 3445 1186 3500 felicitas

171 3513 242 3568 est’
281 3512 464 3581 (felicitas,
488 3531 556 3569 con.
571 3513 869 3570 felie1tasAmbros.
883 3516 1060 3571 facillitas
1074 3517 1184 3572 Monac.

170 3582 331 3638 facilitas
351 3584 437 3637 ceteri
455 3584 532 3656 libri)
555 3585 682 3641 Contulit
699 3585 841 3656 Hauptius
860 3587 952 3642 Herm.
967 3587 1007 3642 IV
1021 3593 1055 3642 35
1075 3604 1109 3642 ex
1127 3588 1186 3641 Me-
