2674 3950
471 187 607 242 NOVIVS
644 185 818 242 MVMMIVS
1009 178 1010 184 ἵ
1087 186 1152 251 331

136 348 279 416 Nouius,
308 350 337 402 et
363 347 442 402 iocus
466 351 509 402 est
531 346 697 402 familiaris:
728 346 866 416 sapiens
967 349 1104 416 tremes,
1124 349 1153 401 et

135 420 194 474 alia
212 419 371 490 permulta?

607 569 682 627 XIII

134 671 215 758 <si>
238 672 403 736 salliiurus
426 671 525 736 istaec
549 674 610 754 est,
633 670 762 734 millam
786 671 893 735 salem.

206 792 367 847 Priscianus
390 811 417 862 p.
433 797 485 848 910
509 793 538 846 P.
565 791 657 846 ‘sellio
685 791 812 845 salliium
835 791 917 861 facit,
946 791 1018 846 sallo
1047 791 1153 845 salsum

137 909 187 920 ...
207 863 332 918 Lucilius
351 864 382 918 in
400 863 477 920 VIII:
501 863 602 918 saliere
622 907 628 918 .
645 907 650 918 .
667 907 672 918 .
692 863 760 916 Iade
784 862 871 917 eiiam
893 862 1046 933 participia
1063 861 1153 916 futuri

136 935 322 990 salliturus
341 937 371 988 el
389 935 520 990 salsurus.
552 933 674 989 Nouius:
696 933 842 988 salliiurus
862 979 867 989 .
885 980 890 990 .
908 979 912 990 .
933 934 1028 988 salem.
1061 933 1151 986 Mum-

134 1007 219 1061 mius'
240 1023 263 1061 e.
278 1025 304 1074 q.
321 1024 341 1060 s.
366 1005 511 1075 (Nouius
529 1005 628 1060 Bamb.
652 1004 775 1058 neuius
794 1005 878 1060 Halb.
893 1006 977 1060 Barb.
1001 1004 1152 1072 lueuius‚

136 1079 190 1133 del.
206 1079 235 1132 et
249 1095 309 1146 sup.
328 1077 463 1144 neuim,
483 1078 551 1146 Reg.
575 1075 677 1130 incui'
697 1076 784 1146 Bong.
809 1077 922 1131 lucius
942 1077 1021 1131 Grut.
1043 1075 1151 1129 liuius

135 1149 251 1204 Carolir.
275 1147 420 1201 lucilius
443 1149 540 1217 Sang.‚
565 1147 599 1200 de
623 1164 678 1215 quo
702 1150 798 1200 tamen
820 1148 851 1200 in
875 1147 998 1202 editione
1021 1147 1152 1201 Hertzius

136 1219 210 1274 nihil
228 1221 360 1289 testatur)

206 1326 277 1380 istec
296 1331 311 1379 c
331 1324 475 1378 salliturus
489 1325 576 1380 Barb.
619 1326 715 1380 Vtrum
730 1327 773 1378 esi
788 1343 827 1380 aa
846 1341 875 1378 es
894 1327 984 1380 uerius
1002 1327 1038 1380 sit
1056 1327 1152 1380 dubito

136 1450 254 1576 XXVII}
269 1449 335 1504 XIV
361 1448 470 1502 Naevio
498 1447 623 1516 reddidi,
651 1447 731 1501 cuius
754 1448 828 1502 inter
851 1448 905 1504 inc.
927 1465 996 1504 com.
1018 1449 1051 1503 fr.
1073 1451 1153 1502 extat

617 1671 673 1728 XV

135 1755 269 1819 dicteria
555 1835 558 1842 .

206 1875 367 1931 Macrobius
382 1876 440 1930 Sal.
450 1875 477 1929 II
492 1881 561 1944 1,14
582 1874 726 1928 ‘Nouius
746 1891 813 1929 uero
827 1874 1055 1944 Pomponiusque
1073 1874 1151 1929 iocos

135 1965 192 2002 non
210 1966 273 2003 raro
294 1947 445 2001 dicteria
462 1947 630 2000 nominant)
652 1945 791 2016 (Neuius
810 1947 909 2000 Bamb.
925 1945 1007 2016 Gud.)

205 2053 308 2108 Nescio
325 2055 400 2108 unde
416 2053 544 2108 hauserit
558 2053 685 2124 Scaliger
703 2053 779 2121 quod
798 2069 832 2106 ex
848 2051 1001 2106 ‘Vincentii
1017 2051 1149 2122 epistola⁷

135 2125 305 2193 Bernaysius
323 2145 350 2194 p.
367 2131 417 2179 249
442 2125 508 2179 libri
532 2125 576 2178 sui
595 2123 757 2193 descripsit:
779 2125 942 2178 ‘concacare
963 2123 1069 2178 lectum
1087 2125 1152 2178 bar-

134 2194 235 2248 barum
251 2199 301 2251 est¹
334 2213 482 2265 percacare
502 2195 652 2250 dicendum
671 2198 739 2264 erat,
759 2198 792 2249 ul
811 2196 835 2248 N
843 2194 942 2248 ouius
959 2195 1151 2248 Atellanarius

135 2265 209 2319 dixit
228 2267 445 2335 permerdarc
465 2267 628 2336 aliquem3
651 2265 751 2320 Graeci
769 2263 933 2336 καταχέζειν
951 2264 1045 2330 τινός)

483 2630 804 2718 MVMMIVS

414 2825 468 2883 EX
490 2823 677 2884 INOERTIS
699 2823 870 2882 FABVLIS

635 2949 650 3006 I
834 3031 990 3114 †riunius

135 3137 198 3203 ‘Ad
221 3140 403 3223 spectacula
426 3141 474 3203 e'si
496 3140 614 3224 uidere,
637 3139 672 3202 in
694 3139 780 3202 testu
802 3141 958 3220 quantum
982 3137 1025 3201 sii
1046 3142 1151 3222 capul.

207 3277 350 3332 Charisius
364 3297 391 3347 p.
404 3284 454 3332 118
468 3279 498 3333 Ρ.
519 3279 635 3347 ‘testu
655 3280 688 3331 ui
705 3294 779 3347 genu
798 3275 913 3330 Flauius
933 3275 1023 3345 Caper
1040 3280 1150 3331 ueteres

136 3349 178 3403 aii
190 3349 234 3403 uri
251 3348 357 3404 solitos.
391 3348 567 3402 Mummius
586 3349 621 3402 in
640 3347 813 3403 atellanis
830 3347 968 3401 riunius
988 3348 1025 3402 ad
1040 3352 1150 3417 specta-

135 3420 211 3474 cula'
232 3437 255 3474 e.
271 3438 297 3488 q.
313 3438 333 3474 s.
357 3419 531 3490 (Atellana
549 3419 670 3473 Junius
690 3420 733 3474 ed.
750 3437 790 3488 pr.
815 3418 995 3472 Atellania
1014 3419 1149 3474 riunius

136 3491 227 3545 edidit
246 3490 354 3544 Keilius
376 3493 408 3545 A.
428 3490 586 3545 Ricinius
610 3491 681 3545 coni.
700 3489 831 3544 Herlzius
854 3489 1000 3543 Riuinus
1024 3491 1150 3545 coniece-

135 3579 204 3632 ram‚
224 3563 274 3616 sed
289 3561 415 3616 Riuino
430 3565 599 3631 expectares.
629 3562 668 3618 cf.
685 3561 829 3616 Onomast.
842 3560 970 3632 ‘riuiuus‚
985 3561 1149 3634 ἀντίζηλοςῗ,
