2674 3950
307 234 574 292 ANONYMORVM
592 233 771 290 MIMORVM
788 233 985 300 RELIQVIAE
1086 233 1152 300 385

577 419 704 478 XXXIV

201 523 320 590 Seneca
338 526 481 588 controv.
495 520 528 586 Π
546 523 568 585 4
587 519 661 608 (12)
679 545 710 606 p.
723 520 787 586 154
805 520 848 585 Μ.
868 523 954 586 ‘uere
975 522 1149 588 mimicae

131 631 305 715 nuptiae,
341 629 375 693 in
410 628 528 712 quibus
562 631 650 692 ante
684 628 721 692 in
759 627 978 692 cubiculum
1010 629 1149 694 riualis

132 737 243 801 uenit
270 758 379 820 quam
407 734 590 800 maritus?

204 873 360 945 nuptiae,
383 873 886 943 1nMadv1cusnust1snustus‚
909 873 1034 943 nostis,
1055 874 1148 929 natis

132 946 214 1000 cedd.
252 893 293 1002 cf
312 945 454 1000 Iuvenalis
472 946 512 999 Vl
529 952 572 1000 44.

587 1164 698 1224 XXXV

201 1282 321 1348 Seneca
344 1284 382 1349 de
405 1284 565 1349 breuitate
589 1284 677 1349 uitae
703 1285 753 1370 12,
773 1285 792 1348 8
817 1283 844 1347 ‘i
867 1304 952 1348 nunc
975 1287 1008 1348 et
1032 1285 1149 1350 mimos

134 1390 237 1454 multa
259 1391 391 1456 mentiri
409 1391 450 1455 ad
468 1390 725 1476 exprobrandam
747 1390 908 1455 luxuriem
931 1394 1019 1474 puta.
1055 1391 1149 1474 plura

132 1496 332 1562 mehercules
353 1500 559 1581 praetereunt
579 1519 676 1581 quam
695 1497 824 1584 fingunt
846 1500 879 1560 et
901 1499 992 1560 tanta
1014 1496 1149 1563 incredi-

133 1603 252 1667 bilium
274 1603 430 1668 uitionrm
454 1603 547 1688 copia
569 1603 737 1690 ingenioso
761 1603 795 1668 in
817 1603 879 1667 hoc
901 1625 1002 1667 unum
1020 1605 1148 1669 saeculo

133 1709 304 1794 processit,
336 1713 373 1774 ut
402 1709 467 1773 iam
494 1709 668 1774 mimorum
696 1730 829 1796 arguere
856 1709 1016 1792 possimus
1042 1710 1150 1797 negle-

131 1816 299 1902 gentiam?

203 1937 323 2001 Mimuml
342 1936 518 2007 Vespasiano
541 1939 690 2007 praesente
713 1937 744 1991 in
766 1936 894 1992 Marcelli
916 1936 1028 1992 theatro
1052 1941 1148 1992 actum

132 2011 231 2064 narrat
249 2009 417 2062 Plutarchus
437 2009 472 2062 de
491 2007 552 2063 soll.
568 2007 651 2062 anim.
669 2013 701 2062 19
720 2027 747 2078 p.
763 2013 814 2062 973
832 2007 863 2062 E.
939 2008 996 2062 ‘Ex
1013 2009 1147 2064 Atellana

132 2080 254 2134 mimcve
274 2082 323 2134 aut
341 2079 497 2134 comoedia’
518 2083 661 2161 sumptum
680 2096 697 2132 a
716 2079 857 2134 Pnontcne
875 2079 925 2134 fer.
941 2079 999 2134 Ale.
1017 2086 1033 2133 3
1051 2099 1078 2150 p
1093 2087 1146 2136 226

134 2150 208 2204 Nab
228 2151 262 2204 de
280 2150 425 2205 Hadriano
444 2151 547 2204 senarii
565 2150 687 2204 frustum

308 2221 516 2288 prandiorum
534 2224 691 2291 opimorum
710 2237 817 2276 esorem
835 2221 973 2290 optimum

134 2287 256 2342 coniecit
273 2263 332 2342 Β111
350 2308 419 2344 mus
434 2291 522 2346 Rhen
538 2298 580 2360 35,
596 2299 655 2346 394

205 2359 304 2412 Idem
296 2377 326 2412 m
341 2359 411 2413 actis
425 2336 580 2430 martyrarii
593 2361 761 2416 Theodoriei
770 2361 891 2416 Ruinart
905 2379 990 2432 opera
1004 2380 1037 2418 ac
1051 2363 1145 2419 studio

131 2429 260 2484 collectis
284 2430 421 2512 (Veronae
441 2437 508 2484 1731
532 2450 559 2500 p.
575 2438 626 2486 236
642 2435 692 2501 sq.)
716 2449 789 2500 quae
813 2432 848 2486 de
871 2432 974 2488 Sancto
999 2434 1145 2516 Genesio

133 2500 624 2628 11110111111111
648 2502 1145 2644 tenerenturne:

133 2641 282 2696 mimorum
295 2642 413 2697 lascivia
421 2643 602 2725 describitur,
617 2643 782 2698 testimonia
794 2643 850 2713 hic,
864 2645 914 2698 ubi
927 2662 984 2700 non
998 2618 1028 2699 id
1042 2646 1144 2716 agitur,

133 2714 166 2766 ut
182 2713 291 2782 generis
305 2714 429 2768 universi
442 2717 544 2769 natura
559 2717 588 2770 et
601 2714 721 2770 historia
735 2688 924 2785 11111111111,
941 2719 1147 2786 praetereunda

33 2813 34 2818 ¹
132 2799 194 2838 esse
213 2784 316 2840 censui,

186 3678 265 3721 scaen
279 3691 340 3730 poen.
354 3681 418 3724 Rom.
432 3683 513 3736 fragm.
527 3683 562 3726 ed.
577 3683 692 3725 31111111.
712 3685 743 3726 11.
950 3681 982 3730 25
