2696 3946
492 207 629 262 SEXTVS
648 207 838 263 TVRPILIVS
1104 208 1168 272 113

224 368 335 424 Nouius
353 373 418 436 256,
439 373 471 422 21
494 369 707 438 ‘comparare
731 371 840 423 ueteres
864 368 1028 422 confirmare
1051 370 1080 422 et
1103 385 1169 423 con-

151 441 269 496 stituere
289 440 420 494 dixerunt
440 484 445 494 .
462 483 468 494 .
484 483 489 494 .
507 483 512 494 .
531 439 675 510 Turpilius
694 439 725 492 in
742 439 878 496 Lemniis:
897 440 1062 509 numquam’
1075 455 1098 494 e.
1108 459 1135 509 q.
1146 457 1168 494 s.

222 563 440 628 numquamne
462 545 545 600 nnius
564 546 763 617 AM(oatcep.):
781 547 816 614 cf.
831 546 1003 629 ,accercitur
1024 565 1114 618 opaco.
1133 549 1173 602 ΙΙ

152 625 204 674 693
277 617 445 688 ehgautiam
462 617 538 672 AM
562 619 597 686 cf.
616 635 640 672 o.
660 623 693 672 39
713 617 873 687 elegantiae
892 619 943 688 (cel
961 618 1078 689 el1g.)p

556 765 764 826 LllVOADIA

7 911 8 922 α
222 881 369 939 Λευκαδία
397 883 553 938 Menandri.
590 883 670 937 Hanc
697 882 825 937 fabulam
853 883 982 937 enarravi
1007 883 1038 937 in
1062 884 1167 939 annall.

54 1013 59 1026 ,
150 955 261 1027 philoll.
276 955 363 1010 LXIX
378 961 412 1010 34
427 972 486 1024 sqq.
507 971 585 1008 orsus
605 971 622 1009 a
642 953 732 1009 Servii
749 954 821 1008 Dan.
836 953 866 1008 in
880 954 963 1024 Verg.
978 955 1047 1009 Aen.
1062 955 1101 1009 111
1116 961 1167 1009 279

149 1029 213 1082 loco
232 1027 298 1082 hoc:
327 1026 427 1081 ‘Varro
450 1024 526 1079 enim
550 1024 689 1095 templum
705 1025 810 1080 Veneri
835 1026 872 1080 ab
891 1026 989 1080 Aenea
1014 1025 1167 1095 eonditum,

149 1098 202 1154 nbi
219 1114 294 1153 nunc
311 1097 419 1151 Leucas
439 1099 494 1164 est,
519 1095 601 1152 dicit:
630 1095 787 1165 quamuis
815 1097 1001 1151 Menander
1029 1099 1062 1151 et
1085 1097 1168 1150 Tur-

149 1169 260 1241 pilius
279 1167 403 1223 cornici
422 1185 439 1222 a
457 1167 594 1222 Phaone
613 1167 737 1222 Lesbio
756 1167 792 1220 id
809 1167 973 1238 ternplum
991 1167 1168 1223 conditum

67 1251 69 1254 '
150 1241 280 1296 dicant.
317 1238 375 1309 qui
398 1256 470 1295 oum
493 1241 585 1293 esset
602 1237 857 1309 nauicularius,
877 1238 1003 1294 solitus
1023 1257 1040 1294 a
1058 1239 1167 1294 Lesbo

149 1313 186 1368 in
213 1311 451 1367 continentem
477 1309 649 1380 proximos
682 1327 835 1379 quosque
867 1311 1021 1366 mercede
1053 1313 1168 1366 trans-

149 1384 288 1452 uehere,
312 1383 476 1438 Venerem
502 1385 671 1436 mutatam
697 1381 732 1435 in
759 1381 859 1436 anuis
887 1381 1029 1437 formam
1056 1382 1167 1452 gratis

149 1453 361 1511 transuexit:
386 1456 598 1523 quapropter
621 1453 662 1507 ab
681 1469 721 1506 ea
739 1452 887 1507 donatus
906 1451 1076 1534 unguenti
1094 1452 1167 1506 ala-

149 1527 270 1580 bastro
294 1542 367 1580 curn
391 1541 425 1578 se
447 1523 528 1578 iude
551 1525 661 1578 totum
684 1526 865 1594 ungueret,
889 1523 1036 1578 feminas
1059 1523 1167 1577 insui

149 1613 299 1658 amorem
320 1595 497 1664 trahebat,
524 1594 559 1648 iu
582 1593 658 1662 quis
682 1593 751 1648 fuit
773 1612 852 1664 una,
880 1611 966 1662 qnae
990 1594 1030 1648 de
1052 1597 1167 1649 monte

149 1669 312 1737 Leucate,
332 1684 405 1720 oum
422 1665 531 1735 potiri
550 1665 623 1720 eius
642 1664 816 1734 nequiret,
834 1664 1007 1719 abiecisse
1026 1681 1060 1719 se
1079 1665 1167 1719 dici·

149 1742 218 1794 turz
236 1739 312 1792 unde
329 1755 404 1791 nuno
423 1739 569 1792 auctorare
588 1753 618 1790 se
637 1735 789 1804 quotannis
804 1736 896 1790 solent
909 1735 959 1805 qui
974 1736 1009 1789 de
1024 1752 1057 1790 eo
1070 1739 1167 1791 monte

148 1809 291 1865 iaciantur
308 1809 339 1862 in
357 1809 495 1879 pelagus!
519 1808 662 1878 (Leucas
681 1810 734 1862 est
753 1806 859 1876 scripsi,
874 1809 907 1861 ut
919 1809 1020 1876 postea
1033 1807 1166 1878 Hagenus

149 1881 322 1936 leucasem
336 1880 416 1934 Bern.
467 1878 567 1934 anuis
587 1877 686 1948 scripsi
703 1877 803 1932 nauis
818 1879 899 1932 Born.
915 1895 999 1932 anus
1012 1877 1166 1933 Mauricius

185 1951 266 2006 inde
284 1954 396 2006 toturn
409 1950 455 2005 vel
473 1951 552 2004 inde
572 1966 693 2019 corpus
713 1952 747 2003 et
764 1947 898 2003 uultum
917 1947 1024 2003 conieci
1039 1948 1074 2002 in
1093 1949 1167 2004 dies
1265 2003 1266 2006 ,

149 2023 300 2078 inditum
317 2023 399 2077 Bern.
419 2021 559 2076 inlitum
577 2021 634 2076 vid.
653 2020 684 2074 in
706 2019 857 2074 inditum
882 2019 991 2090 latere.)
1028 2019 1068 2074 ef.
1086 2037 1167 2089 prae-

148 2097 229 2150 terea
245 2093 386 2148 Lucienus
406 2092 473 2148 dial.
487 2094 569 2147 mort.
585 2097 640 2160 9,2
660 2100 720 2162 μῶν
738 2093 787 2146 καὶ
805 2091 839 2145 cd
856 2110 922 2146 τινα
941 2089 1032 2160 ὥσπερ
1051 2091 1066 2145 ὁ
1082 2090 1167 2146 Φάων

148 2166 201 2256 τὴν
216 2162 381 2236 Ἀφροδίτην
396 2160 427 2219 ἐκ
440 2161 512 2219 Χίου
527 2161 762 2234 διεπόρθμευσας,
782 2157 842 2216 εἶτά
861 2179 905 2216 σοι
923 2161 1065 2236 εὐξαμένῳ
1080 2163 1167 2218 ἔδωκε

148 2257 216 2293 νεοα
242 2231 383 2290 εἶναικαὶ
405 2235 492 2290 καλὸν
515 2235 544 2300 ἐξ
567 2235 695 2304 ὑπαρχῆς
713 2234 762 2288 καὶ
781 2233 960 2304 ἀξιέραστον;
985 2235 1014 2287 et
1031 2233 1166 2288 Aelianus

148 2327 175 2364 v.
189 2308 218 2362 h.
237 2307 289 2361 XII
305 2311 350 2388 ¹18.
387 2305 483 2360 Finxit
501 2307 596 2387 autem
615 2303 757 2374 Turpilius
776 2303 986 2358 adulescentem
1005 2304 1041 2358 ab
1061 2308 1165 2372 amata,

148 2394 223 2505 tlt?
238 2375 1069 2522 tdttltttat⁰td¹⁵rpdt⁶dtcattentata
1082 2393 1167 2501 llll}

149 2537 259 2576 amores
282 2522 467 2590 spernentem.
505 2518 583 2584 Quae
605 2518 652 2572 rel
675 2517 827 2588 desperans
850 2517 896 2572 vel
922 2517 1000 2572 iussa
1024 2518 1060 2572 ab
1084 2517 1167 2573 eoin

148 2607 227 2646 mare
246 2607 275 2645 se
293 2591 404 2661 proicit,
423 2590 497 2645 unde
517 2591 553 2644 ab
573 2589 754 2644 adulescente
772 2589 892 2644 fortasse
912 2591 1024 2643 sewata
1039 2589 1076 2642 ad
1091 2589 1166 2642 auti-

148 2680 236 2732 quam
253 2661 485 2718 consuetudinem
500 2660 582 2716 redit.
610 2661 671 2715 Iam
688 2663 779 2714 restat
795 2662 828 2714 ut
847 2659 974 2730 personis
993 2659 1051 2714 suis
1070 2659 1167 2714 distri-

148 2735 274 2788 buantur
291 2732 442 2801 reliquiae:
462 2731 651 2787 adulescentis
669 2732 690 2802 I,
710 2748 774 2785 cum
788 2730 845 2785 alio
859 2729 1073 2786 sermocinantis
1086 2731 1114 2784 11
1127 2731 1166 2786 IlI

149 2805 188 2860 IV
201 2805 228 2859 V
242 2804 287 2875 (cf.
307 2803 376 2860 Eun.
392 2803 506 2873 Thyesti
520 2803 596 2873 VIII)
610 2803 674 2872 VH,
694 2801 816 2857 amicam
834 2801 954 2856 fortasse
972 2801 1078 2856 frustra
1095 2801 1167 2855 mul-

148 2875 240 2930 centis
258 2875 310 2943 VI,
337 2874 450 2944 puellae
478 2873 583 2945 (Doroii
607 2877 678 2944 puta
701 2873 774 2928 conl.
793 2873 868 2944 XVI)
896 2873 931 2927 de
960 2873 1075 2927 Phaone
1093 2873 1167 2941 VIII,

150 2945 360 3002 confabulantis
379 2963 443 3000 curn
462 2946 561 3000 eodem
578 2945 618 2999 IX
635 2945 673 3014 X,
702 2943 804 2998 deinde
829 2947 944 3014 propter
966 2943 1048 3012 litus,
1076 2943 1167 3013 prius·

149 3035 237 3087 quam
263 3016 347 3071 undis
375 3033 404 3072 se
433 3017 632 3085 committeret,
661 3015 818 3070 oberrantis
842 3015 893 3083 XI,
922 3013 1110 3068 adulescentis
1139 3017 1168 3068 et

150 3088 236 3143 amici
248 3087 301 3142 ΧΠ
314 3088 386 3158 XIII,
406 3087 466 3143 eius
481 3088 529 3157 qui
543 3087 700 3142 luctantem
713 3085 873 3167 expiscatus
888 3088 949 3140 erat
962 3085 1035 3154 XIV,
1053 3085 1166 3154 puellae

149 3159 254 3230 frigore
273 3159 431 3214 laborantis
450 3159 509 3229 XV,
534 3157 723 3214 adulescentis
742 3175 773 3210 1n
791 3156 913 3227 gratiam
931 3172 995 3210 cum
1014 3155 1106 3211 amica
1124 3173 1167 3212 re-

150 3230 263 3286 deuntis
283 3231 355 3286 XVI.
392 3230 520 3299 Denique
537 3229 655 3300 nuptiae
673 3231 811 3299 parantur
828 3228 861 3283 fr.
876 3226 955 3281 XVII

651 3362 667 3420 I

150 3463 254 3542 Quem
278 3464 356 3530 olim
379 3462 504 3551 oderat,
527 3463 669 3529 sectatur
690 3463 777 3528 ultro
801 3484 838 3527 ac
861 3461 996 3526 detinet:
1063 3489 1065 3493 ·
1168 3478 1220 3528 100

151 3568 212 3636 Ille
235 3569 377 3636 insolens
400 3575 508 3636 autem
531 3575 568 3636 ct
590 3569 717 3634 fastidit
739 3569 894 3634 carnifex!

203 3685 284 3728 Scasn.
298 3697 360 3736 poss.
373 3687 439 3729 Rom.
453 3685 535 3738 fragm.
550 3685 585 3728 ed.
599 3685 716 3725 Rnanox.
731 3685 762 3725 11.
989 3678 1005 3728 8
