2696 3946
185 210 249 276 116
518 206 655 261 suxuvs
674 204 865 261 uvasnws

254 368 363 424 Nonius
378 373 438 439 174,
453 374 469 422 2
490 366 709 422 ‘sanctitudo
728 382 779 435 pro
798 364 957 420 sanctitas.
974 409 979 420 .
996 409 1001 419 .
1019 365 1036 420 .'

185 548 231 602 F¹
257 482 271 530 1
291 491 335 529 mc
354 472 812 600 ffiiseraffiefrentffiiigicutoffiua
830 473 894 540 fort.
909 478 978 528 recte
1056 477 1072 525 2
1092 471 1202 541 scopeli

303 563 357 616 apo
381 563 442 601 oms
557 561 612 614 apo
678 561 732 612 εφ

663 693 722 752 ΧΠ

133 815 184 866 115
195 849 327 864 .....
351 797 382 862 si
403 797 533 882 quidem
556 796 599 861 sit
622 795 793 880 quisqusim
816 794 908 879 deus,

196 903 268 971 cuii
292 907 351 992 ego
376 905 438 970 sim
461 924 555 968 curae
682 972 686 978 ι

597 1008 617 1049 s
771 1006 798 1048 *¹

684 1051 704 1093 a

185 1117 260 1183 Heu
273 1138 325 1182 mc
338 1115 514 1181 infelicem!
528 1153 569 1162 -
583 1113 729 1180 Sinusne
743 1136 785 1199 es,
800 1113 856 1198 qui
870 1115 990 1178 temere
1004 1113 1203 1178 lamentdre'?

600 1220 620 1261 =l=
772 1219 792 1261 a

686 1264 706 1307 *

186 1330 246 1416 Te,
268 1327 388 1415 Apollo
412 1332 534 1414 sancte,
556 1328 605 1392 fer
628 1349 737 1413 opem,
759 1331 869 1412 teque,
891 1323 1096 1412 omnipotens
1118 1325 1207 1412 Nep-¹

775 1437 866 1519 tune,
888 1431 1019 1519 Inuoco,

187 1543 319 1628 Vosque
342 1542 432 1628 idco,
450 1541 556 1606 uentil
581 1591 899 1605 ...........
1194 1555 1207 1598 5

135 1668 187 1717 120
197 1700 423 1714 ........
446 1671 522 1713 nam
546 1646 625 1732 quid
648 1669 708 1733 ego
732 1651 764 1711 te
788 1647 963 1732 appellem,
985 1645 1118 1712 Venus?

259 1769 355 1825 Cicero
374 1770 455 1825 Tusc.
475 1769 546 1851 disp.
565 1769 604 1824 IV
623 1774 666 1838 34,
686 1774 719 1822 72
740 1766 795 1821 ‘sin
814 1770 910 1822 autem
928 1771 972 1822 est
990 1767 1094 1837 aliquis
1116 1785 1203 1837 amor,

188 1845 222 1897 ut
239 1845 283 1896 est
301 1844 384 1910 celte,
403 1840 452 1910 qui
470 1840 542 1894 nihl]
561 1839 637 1894 absit
651 1842 771 1894 autnon
785 1839 907 1893 multum
921 1839 958 1894 ab
972 1838 1093 1909 insania,
1111 1839 1204 1908 qualis

188 1913 220 1968 in
246 1911 389 1968 Leucadia
416 1914 471 1967 est:
500 1911 528 1966 si
556 1910 694 1980 quidem
713 1927 893 1965 ...curae
930 1909 969 1964 At
996 1909 1027 1963 id
1054 1913 1115 1965 erat
1143 1911 1203 1966 deis

189 1983 319 2040 omnibus
343 1983 509 2052 curandum,
533 1999 617 2051 quem
640 1982 792 2036 admodum
819 1981 866 2036 hic
892 1981 1032 2036 fineretur
1056 1981 1204 2052 uoluptate

190 2055 337 2110 amatoria.
373 2055 444 2109 Heu
462 2070 512 2108 me
530 2053 720 2108 infelicem!
753 2051 953 2108 Nihilnerius.
983 2052 1074 2106 Probe
1094 2052 1204 2108 etille:

190 2142 339 2180 sanusne
359 2169 364 2179 .
381 2169 387 2180 .
403 2169 409 2180 .
427 2124 637 2180 lamentare?
672 2123 726 2178 Hic
749 2122 866 2178 insanus
889 2123 1003 2179 uidetur
1026 2123 1114 2178 etium
1137 2123 1203 2178 suis.

188 2199 228 2252 At
246 2214 317 2265 quas
335 2195 497 2321 uffoedias
516 2194 615 2250 efficIt!
652 2197 686 2249 te
704 2194 831 2264 Apollo
850 2239 856 2250 .
874 2239 879 2250 .
896 2240 901 2249 .
921 2193 1031 2250 uenti!
1069 2195 1206 2250 Mundum

189 2270 281 2323 totum
305 2283 334 2321 se
418 2283 542 2321 amorem
565 2284 647 2320 suum
670 2265 876 2319 subleuaudum
895 2282 1095 2321 conuersurum
1112 2269 1205 2336 putat,

188 2340 327 2394 Venerem
344 2354 431 2392 unam
449 2336 574 2392 excludit
594 2340 627 2391 ut
644 2336 784 2405 iniquam:
803 2353 879 2390 nam
901 2336 983 2406 quid
1003 2381 1031 2395 ..
1049 2381 1055 2392 .
1073 2338 1205 2393 Venus?

189 2411 261 2464 Eam
278 2425 359 2479 prae
377 2407 536 2463 lubidine
554 2410 642 2478 negat
660 2423 780 2462 curare
803 2407 993 2477 quicquam.
1032 2407 1119 2474 Quasi
1137 2425 1205 2463 uero

189 2481 251 2552 ipse
272 2497 330 2535 non
351 2482 467 2550 propter
488 2478 645 2546 lubidinem
667 2481 750 2533 tanta
772 2477 883 2549 flagitia
902 2481 932 2533 et
948 2478 1039 2534 faciat
1057 2482 1087 2534 et
1105 2479 1203 2535 dicat'

230 2658 235 2668 Ι
264 2592 278 2640 1
299 2585 441 2655 quidemst
459 2587 592 2642 Vamcraa
664 2591 689 2668 2Δ
700 2584 756 2638 cuii
774 2587 887 2654 scripsi:
904 2586 939 2654 cf.
961 2585 1097 2642 coactius
1114 2604 1138 2642 o.
1154 2592 1205 2640 261

191 2675 287 2785 tle
306 2658 880 2784 11:111111111111011
901 2657 1116 2784 iollam·
1133 2657 1206 2781 ga.

193 2746 561 2870 ammootenqucelfflirIas
575 2772 631 2869 per·
644 2801 722 2869 epist.
737 2772 742 2782 ¹
791 2771 796 2782 ¹
813 2745 909 2855 Poctqd
924 2800 996 2855 talia
1012 2800 1068 2867 sere
1085 2772 1119 2854 ccc
1134 2799 1206 2856 Oine·

192 2874 270 2927 roais
282 2873 370 2928 cadis
383 2872 490 2927 elicias:
509 2886 581 2938 quae
595 2871 707 2940 praeter
725 2872 754 2924 te
772 2869 814 2924 nil
828 2871 982 2939 qulcquam
996 2868 1109 2924 omnino
1124 2871 1205 2924 cdras
1258 2903 1262 2911 ι

192 2959 261 3012 prae
278 2941 399 2996 libidine

662 3037 737 3095 XIII

140 3123 191 3174 121
265 3191 272 3204 .
296 3191 303 3204 .
327 3139 470 3204 tumultu
493 3137 626 3204 uecordi
645 3159 746 3224 uagas

141 3195 192 3244 ω
265 3259 374 3315 Nonius
392 3266 453 3329 467,
473 3265 506 3314 27
528 3261 649 3330 ‘uagas
677 3275 727 3328 pro
756 3259 869 3330 ungaris
889 3305 895 3316 .
912 3304 917 3315 .
934 3305 939 3315 .
959 3261 1061 3316 Accius
1089 3261 1208 3316 Bacchis

195 3375 201 3386 .
218 3375 223 3385 .
240 3375 246 3385 .
264 3331 421 3401 percitatae
439 3330 571 3386 tumultu.
600 3329 715 3385 uecordi
728 3347 817 3401 uagas
831 3331 950 3387 insania.
980 3332 1123 3402 'lbrpilius
1137 3332 1209 3388 Leu-

194 3401 295 3528 {1313}st
298 3517 303 3528 ι
314 3402 396 3457 uultu
418 3401 533 3458 uecordi
555 3418 644 3472 uagas
667 3401 799 3458 insania?
837 3402 878 3458 ef.
898 3403 935 3458 ad
953 3403 1022 3459 Acci
1042 3423 1066 3460 v.
1086 3410 1140 3459 236
1159 3405 1209 3458 ed-

265 3577 402 3635 tumultu:
421 3596 445 3634 o.
464 3597 550 3651 aepra
566 3579 649 3634 uultu
668 3582 734 3638 olim
750 3582 891 3638 seruabam
955 3625 958 3634 .
