2674 3950
481 233 641 290 DECIMVS
660 231 840 287 LABERIVS
1103 229 1167 296 347

567 435 752 496 EPHEBVS

653 563 669 620 I

149 668 329 732 Lioe'niiam
352 688 389 731 ac
411 663 581 731 libidinem
603 667 641 728 ub
663 663 778 728 tollam
800 663 865 747 peb'

152 775 295 861 Togdiae
319 773 438 859 stirpis,

221 903 383 959 Macrobius
403 902 461 958 Sat.
476 901 516 958 VI
534 908 559 971 ὁ,
575 907 608 956 16
629 902 772 956 ‘decenter
795 901 825 954 eb
846 899 891 953 his
915 897 1049 969 opibhebis
1068 898 1167 970 Vergi-

150 975 206 1030 lius
222 991 289 1030 usus
304 978 348 1030 est
427 991 478 1044 pro
493 973 628 1028 Romanis
647 975 843 1043 gentemque
861 973 1030 1041 togatam,
1049 985 1168 1039 quorum

149 1047 240 1102 aliero
260 1046 388 1115 Saenius,
408 1045 497 1099 albero
516 1044 651 1099 Laberius
670 1061 737 1098 usus
756 1045 818 1097 erat
837 1087 843 1098 .
859 1085 865 1098 .
882 1086 887 1098 .
904 1087 910 1097 .
930 1057 964 1097 ac
984 1085 989 1097 .
1006 1086 1012 1098 .
1031 1041 1167 1096 Laberius

150 1119 182 1172 in
200 1119 316 1188 Ephebo
336 1118 372 1190 [l]
391 1115 467 1170 idem
485 1115 560 1170 infra
578 1116 647 1188 [Il].’

222 1239 237 1287 1
256 1231 331 1302 pelis
349 1249 400 1288 om.
416 1233 482 1288 Par.
497 1249 517 1287 c

644 1379 676 1439 Π

149 1483 273 1549 Idcirco
298 1505 358 1568 ope
381 1485 492 1548 no'sira
515 1481 687 1548 dilatatum
711 1485 760 1547 est
782 1479 962 1548 d6minium

147 1591 291 1678 Togatae
315 1591 430 1677 geniis.

222 1719 236 1766 1
257 1728 343 1782 opera
362 1712 438 1767 Med.
454 1731 473 1768 a

595 1897 725 1958 FVLLO

651 2021 667 2080 I

148 2175 157 2187 .
204 2175 210 2188 .
256 2121 416 2209 manuari,
439 2123 595 2208 pudorem
617 2123 795 2208 perdidisti.

190 2241 194 2250 ¹
222 2243 329 2299 Gellius
347 2243 413 2300 XVI
436 2251 497 2314 7,3
527 2243 678 2299 ‘Laberius
703 2289 708 2300 .
731 2290 736 2300 .
757 2289 762 2300 .
786 2243 856 2299 item
880 2243 911 2298 in
933 2243 1051 2299 Fullone
1076 2241 1168 2298 furem

150 2315 363 2370 manuarium
381 2315 516 2386 appellat.
553 2315 724 2386 Manum,
742 2315 848 2385 inquii,
869 2315 1034 2386 pudorem
1050 2315 1166 2386 perdi·

151 2385 251 2456 disti,
270 2385 417 2456 multaque
436 2387 495 2442 alia
511 2387 629 2442 huiusce
647 2387 725 2441 modi
742 2387 850 2442 nouat?

645 2589 677 2648 Π

206 2743 212 2755 .
260 2743 266 2755 .
312 2695 422 2757 utrum
449 2695 486 2756 iu
513 2691 601 2756 hunc
628 2713 741 2778 gruem
766 2691 969 2756 Balearicum
996 2715 1037 2756 an
1064 2691 1167 2757 homi-

898 2800 973 2862 uem
995 2801 1091 2883 pubes

149 2887 263 2952 ‘Esse?
340 2907 343 2916 ·

222 3007 330 3062 Nonius
350 3014 410 3079 208,
430 3014 463 3064 19
488 3010 599 3081 ‘grues
699 3007 855 3062 masculino
876 3007 1013 3062 Laberius
1035 3008 1066 3062 in
1089 3007 1168 3063 Ful-

151 3079 292 3136 lonicis:
318 3079 425 3134 uirum’
451 3097 474 3136 e.
489 3099 516 3150 q.
532 3099 553 3136 s.
594 3079 779 3134 Fullonica
805 3078 852 3134 vel
878 3077 1083 3134 Fulloniax
1126 3079 1166 3135 ef.

150 3149 445 3277 {liovffliullonicum
485 3153 527 3207 De
556 3151 634 3206 cirris
661 3150 739 3222 gruis
767 3150 931 3205 Balearicae
959 3151 1068 3206 Plinius
1091 3169 1119 3206 n.
1139 3152 1166 3206 h.

224 3335 238 3382 1
263 3329 311 3384 Aa
333 3330 460 3384 secanae
481 3335 521 3383 aot
545 3329 640 3382 utrum
661 3331 695 3382 ’eu
717 3329 792 3382 hinc
815 3343 836 3384 e.
851 3347 875 3400 q.
889 3328 934 3384 a?
977 3327 1018 3398 Of.
1038 3329 1169 3386 Macileri

148 3401 259 3470 prosod.
278 3401 372 3456 Plaat.
393 3404 443 3454 152
515 3401 611 3453 uirum
629 3399 759 3470 Scaliyer,
779 3400 943 3455 Gulielmius
963 3399 1056 3454 uirum
1074 3423 1096 3455 ω

152 3473 213 3524 bum
231 3472 341 3542 PaaQ
419 3477 435 3524 2
455 3486 516 3524 ease
534 3472 585 3526 dei.
602 3471 794 3540 aromatica
869 3473 964 3524 uirum
981 3471 1057 3525 huno
1075 3491 1116 3542 gr.
1135 3473 1167 3527 B.

153 3558 189 3594 an
214 3541 357 3596 hominem
381 3545 484 3612 putas?
508 3543 570 3598 Bac
597 3544 695 3596 uerum
718 3545 748 3612 (a.
770 3544 801 3596 ab
824 3544 929 3613 utrum)
954 3545 987 3597 tu
1012 3560 1111 3613 gruem
1135 3544 1167 3598 B.

152 3611 227 3666 hunc
245 3630 306 3667 esse
325 3629 398 3668 anne
416 3613 444 3668 h.
463 3621 509 3683 p.?
527 3631 548 3669 x
