2670 3948
118 189 120 194 ’
163 193 205 259 28
556 194 612 250 CN.
631 195 792 252 NAEVIVS

162 357 226 411 item
248 371 322 425 coep.
347 355 385 409 H.
405 356 515 412 Jordan
538 356 647 424 l‘Vesta
669 363 695 437 ct
717 355 824 412 Lares!
853 355 981 412 Berolim'
1000 360 1069 436 Ι1865
1089 359 1182 428 1219)

166 496 196 552 ο.
216 425 603 579 ellatttltttltttz
623 444 680 554 {ll
703 428 900 553 attulae
919 429 1183 583 aalma

162 570 255 622 tectos
274 568 402 640 Mcetty=
421 570 536 637 focillue
554 571 759 639 orreumtectes‚
778 570 836 626 scil.
856 586 933 640 aras,
949 571 1123 640 probcoenm

657 737 688 796 Π
967 827 969 832 .

805 837 936 904 exbolas

164 940 323 1021 Qudssent
346 944 444 1010 aulae.

233 1063 323 1119 Varro
343 1065 378 1119 de
396 1065 415 1121 l.
435 1065 453 1120 l.
468 1065 521 1120 VH
536 1070 587 1120 108
601 1065 639 1122 Μ.
665 1066 753 1136 ‘apud
770 1066 912 1122 Naeuium
934 1066 965 1122 in
982 1067 1180 1124 Hesiona

161 1133 192 1188 in
215 1135 411 1192 Tunicularia:
439 1136 583 1192 exbolas
609 1141 778 1206 quassant
800 1138 915 1193 aulas'
940 1138 1055 1210 (aulae
1078 1156 1181 1209 quas·

163 1209 242 1261 eant
260 1205 368 1277 Goon),
390 1208 475 1276 ‘quae
494 1207 646 1279 eiciuntur,
665 1225 683 1263 a
702 1208 809 1264 Graeco
827 1209 915 1265 uerbo
934 1208 1033 1265 ecbole
1051 1209 1181 1265 dictum!

544 1411 547 1415 -
647 1376 695 1434 ΠΙ

110 1492 161 1542 105
422 1476 490 1542 eius
513 1477 641 1542 noctem
663 1498 767 1542 nauco
791 1476 905 1543 ducere

234 1605 334 1660 Festus
349 1624 376 1676 p.
388 1611 439 1661 166
449 1606 486 1660 M.
508 1607 667 1660 ‘naucum
686 1606 729 1661 ait
746 1606 845 1662 Ateius
859 1607 1025 1680 Philologus
1043 1609 1111 1680 poni
1129 1624 1183 1679 pro

161 1676 245 1747 nugis
265 1709 299 1718 -
317 1709 354 1719 —
372 1709 408 1718 -
426 1679 456 1732 et
473 1675 600 1732 Naeuius
618 1677 649 1731 in
668 1677 863 1736 Tunicularia:
883 1678 954 1734 eius’
975 1696 998 1735 e.
1014 1697 1046 1749 q.v
1057 1698 1077 1736 s.

232 1794 317 1850 nauci
337 1793 457 1850 Boreios

403 1977 668 2038 INOHR'I'ARVM
690 1979 940 2040 FABVLARVM

665 2103 681 2161 Ι

162 2203 240 2270 Pati
259 2225 387 2270 necesse
411 2209 460 2270 est
482 2205 585 2270 multa
607 2205 761 2271 mortales
783 2206 877 2272 mala.

233 2333 420 2405 Hieronymus
439 2335 477 2389 ed
490 2334 675 2390 Heliodorum
694 2336 775 2406 epist.
785 2335 834 2390 LX
844 2343 878 2390 14
893 2339 922 2406 (t.
933 2337 946 2391 l
956 2341 1019 2409 349)
1042 2337 1182 2393 ‘Naeuius

162 2408 248 2475 poeta
265 2405 341 2476 peti,
361 2405 467 2476 inquit,
486 2422 600 2462 necesse
619 2409 664 2462 est
680 2425 717 2464 m.
736 2425 772 2463 m.
791 2408 840 2462 m.’

233 2531 367 2586 mortales
396 2530 540 2601 Souppiw
565 2531 666 2588 Philet.
682 2537 731 2601 21,
747 2537 796 2586 15⁷
825 2545 860 2588 ee·
883 2532 973 2588 codiee
997 2532 1074 2590 Gall.
1097 2533 1182 2590 Libri

161 2617 237 2729 m
239 2606 283 2728 αἵθ
283 2604 332 2728 1olel
330 2607 395 2744 ”ab
395 2603 455 2728 oubi
476 2602 611 2657 mortales
635 2605 679 2658 est
702 2605 759 2673 (sed
782 2605 1049 2675 astronomorum)
1072 2606 1180 2677 leoitur.

656 2770 688 2830 Π

162 2871 313 2938 Dictdtor
335 2871 393 2936 ubi
416 2892 546 2936 currum
569 2870 696 2958 insidit,
722 2871 913 2957 peruehitur
937 2893 1038 2958 usque
1062 2871 1102 2936 ad
1124 2872 1180 2957 dp·

803 2977 924 3063 pidum.

233 3099 323 3154 Varro
338 3099 373 3154 de
387 3098 406 3156 l.
422 3097 441 3153 l.
457 3099 482 3154 V
497 3104 548 3154 153
558 3099 595 3154 M.
615 3097 722 3170 (deficit
740 3099 787 3154 hic
800 3099 885 3170 Flor.)
906 3099 946 3154 ‘in
965 3098 1038 3156 circo
1056 3101 1180 3172 primum

161 3170 237 3224 unde
256 3169 409 3225 mittuntur
427 3169 505 3238 equi,
528 3187 603 3225 nunc
623 3169 755 3225 dicuntur
773 3187 910 3241 carceres,
934 3171 1061 3227 Naeuius
1080 3172 1180 3243 oppi-

162 3241 238 3295 dum
261 3240 395 3311 appellat.
434 3257 558 3296 carceres
583 3240 666 3311 dicti,
689 3241 765 3310 quod
784 3245 948 3298 coercentur
965 3243 1031 3325 equi
1103 3243 1180 3313 quod

161 3311 199 3366 ad
226 3311 300 3366 mun‘
327 3311 450 3382 speciem
476 3311 571 3382 pinnis
598 3312 779 3381 turribusque
807 3329 932 3369 carceres
962 3313 1030 3369 olrm
1055 3314 1178 3384 fuerunt,

162 3381 282 3463 scripsit¹
298 3385 396 3452 poeta=
421 3381 554 3438 dictator’
575 3399 598 3438 e.
614 3401 640 3452 q.
656 3401 677 3438 s.
715 3383 792 3438 Inter
809 3383 880 3439 belli
898 3384 999 3440 Punici
1017 3385 1180 3456 fragmenta

162 3471 181 3508 a
200 3453 298 3508 multis
317 3452 391 3508 falso
409 3453 538 3509 relatum.
577 3453 616 3510 ef.
637 3453 732 3510 coroll.
748 3455 847 3511 XVIII.

233 3585 314 3624 curru
333 3569 437 3625 conieci
489 3569 595 3624 insidet
614 3570 804 3627 aleceeoeocc
