2674 3950
341 229 501 287 DECIMVS
519 230 700 286 LABERIVS
736 229 917 284 VALERIVS
1070 229 1134 293 367

588 451 671 512 XXV

124 538 230 603 obiter

197 657 339 714 Charisius
361 676 388 727 p.
404 662 455 712 187
478 657 508 712 P.
535 657 660 711 ‘obiter
687 656 770 710 diuus
792 655 953 710 Hadrianus
980 672 1138 710 sermonum

124 729 406 856 tuttelstet}
424 727 631 854 {allud}
653 744 836 868 lulmluam’
859 727 964 797 equa,
989 727 1065 797 aaa
1084 727 1137 781 a.

133 1076 136 1082 .
580 1021 680 1080 XXVI

194 1139 304 1206 Cicero
333 1140 374 1204 ad
400 1140 475 1204 fam.
493 1137 557 1204 VII
587 1138 686 1224 11‚2
719 1136 885 1226 (Trebatio
909 1161 935 1203 a.
959 1137 1038 1227 701)
1067 1139 1138 1204 ‘sed

33 1329 35 1334 Ι
125 1248 206 1312 heus
233 1251 283 1332 tu,
307 1247 385 1330 quid
413 1245 504 1332 agis?
540 1245 655 1329 ecquid
681 1245 742 1310 fit?
777 1245 871 1311 uideo
900 1246 986 1310 enim
1013 1249 1045 1310 te
1073 1247 1138 1311 iam

125 1353 225 1419 iocari
252 1375 310 1438 per
336 1353 461 1416 litteras
489 1402 495 1416 .
520 1403 526 1415 .
552 1401 559 1415 .
583 1403 589 1416 .
617 1351 646 1416 si
673 1351 737 1416 cito
764 1355 797 1416 to
824 1353 1001 1438 rettuleris,
1033 1374 1137 1418 sermo

125 1460 235 1525 nullus
259 1459 334 1544 erit3
362 1459 390 1522 si
413 1458 534 1522 diutius
555 1457 677 1522 frustra
699 1457 831 1542 afueris,
857 1480 923 1523 non
950 1459 1046 1524 modo
1071 1459 1139 1523 La-

126 1566 290 1651 berium,
317 1565 373 1630 sed
396 1565 493 1630 etiam
516 1563 657 1628 sodalem
680 1567 828 1628 nostrum
850 1563 1043 1629 Valerium
1069 1587 1139 1650 per-

127 1673 274 1768 timesco
316 1672 398 1737 mira
421 1671 507 1736 enim
531 1692 696 1756 persona
722 1669 831 1734 induci
857 1675 965 1755 potest
986 1671 1140 1736 Britan-

126 1779 205 1844 nici
235 1777 525 1844 iureconsulti.
570 1777 649 1842 haec
677 1798 737 1863 ego
765 1799 831 1841 non
858 1777 961 1863 rideo,
991 1779 1139 1862 quamuis

9 1915 10 1948 ;
126 1891 163 1950 tu
181 1886 299 1973 rideas3
322 1885 378 1950 sed
397 1885 434 1949 de
453 1905 488 1948 re
506 1883 708 1950 seuerissima
726 1886 842 1968 tecum,
859 1887 897 1948 ut
915 1884 1012 1970 soleo,
1030 1885 1140 1950 iocor?

127 1991 174 2057 of.
195 1993 246 2078 10,
266 1993 294 2057 1.

446 2334 818 2420 VALERIVS

199 2501 337 2555 anrrvs
374 2499 434 2554 iure
454 2499 597 2555 consultus
617 2501 646 2554 et
663 2498 804 2554 Ciceronis
822 2499 984 2572 familiaris,
1006 2518 1090 2569 quem
1107 2505 1141 2556 ut

128 2571 280 2626 Laberium
310 2544 412 2625 mimos
445 2569 588 2640 scripsisse
617 2569 744 2625 evincere
770 2571 903 2626 videntur
930 2571 1070 2627 Ciceronis
1103 2573 1141 2626 ad

129 2643 195 2697 fam.
206 2643 258 2698 VH
272 2649 313 2712 11,
329 2649 345 2696 2
363 2642 451 2697 verba
469 2641 552 2696 modo
571 2641 697 2696 laudata.
724 2641 862 2696 Dixerrmt
876 2643 911 2697 de
928 2660 961 2698 eo
976 2643 1140 2698 Schwabius

129 2718 237 2783 quaest.
253 2713 354 2768 Catull.
371 2720 404 2768 25
415 2731 464 2782 sq.,
484 2715 513 2767 et
526 2713 558 2766 R.
570 2712 725 2767 Schoellius
739 2713 810 2783 legis
824 2713 876 2767 XII
889 2714 968 2768 tabb.
983 2714 1043 2770 rell.
1058 2733 1085 2785 p.
1097 2719 1140 2784 38,

130 2785 164 2841 cf.
183 2787 330 2856 praeterea
348 2784 443 2840 coroll.
457 2783 628 2840 LXXXVHI.

545 3021 727 3084 PHORMIO

199 3141 325 3194 Pnonmo
349 3141 443 3194 utrum
465 3138 588 3209 palliata
610 3139 696 3193 fuerit
719 3141 748 3192 et
766 3139 802 3192 ab
822 3137 879 3192 alio
897 3139 992 3194 nescio
1011 3157 1067 3209 quo
1086 3141 1142 3195 Va-

129 3211 199 3266 lerio
218 3211 295 3265 fucta
315 3228 352 3265 an
369 3209 452 3264 huius
467 3209 574 3265 Valerii
590 3210 700 3278 mimus,
720 3226 787 3263 sane
805 3209 951 3281 incertum,
970 3227 1143 3280 quamquam

129 3282 215 3337 titulo
234 3282 296 3352 ipso
314 3281 416 3335 mimus
435 3283 510 3336 certe
528 3298 585 3335 non
604 3280 770 3336 excluditur.

15 3465 17 3478 ,
131 3408 214 3486 Quid
236 3407 291 3474 hic
314 3431 387 3473 cum
410 3409 542 3495 tragicis
564 3408 667 3473 ue'rsis
689 3411 722 3472 et
744 3409 852 3492 syrma
875 3409 975 3473 facis?

200 3529 360 3585 Priscianus
378 3549 405 3600 p.
421 3536 472 3585 679
491 3530 520 3586 Ρ.
540 3529 680 3584 ‘Valerius
699 3529 730 3583 in
743 3529 923 3586 Phormione:
943 3529 1022 3600 quid’
1039 3546 1062 3584 e.
1078 3547 1104 3598 q.
1120 3549 1141 3587 s.

128 3599 196 3670 ‘pro
223 3603 392 3670 syrmate!
430 3602 508 3656 Idem
530 3619 556 3671 p.
574 3606 624 3655 712
643 3601 673 3655 P.
699 3600 805 3655 ‘uersi
828 3619 940 3671 quoque
962 3619 1013 3672 pro
1035 3618 1142 3656 uersus.
