2674 3950
182 204 249 269 344
510 202 670 258 DECIMVS
689 201 848 256 LABERIV
850 201 868 257 S

181 363 287 434 cupisti
308 363 422 434 eugium
440 363 567 418 scindere
586 385 607 418 ω
627 380 664 416 an
682 362 870 432 concupiuisti
889 379 912 418 e.
931 363 1063 419 Scindere
1081 366 1202 421 Botbiue
1309 359 1310 378 ³

248 437 396 491 Trocbueoc
423 437 559 490 tacendae
587 452 625 489 an
652 433 810 504 cdncupisti
837 434 952 504 eligium
977 435 1201 509 <per>sclndere

181 509 292 562 metitur
309 507 345 562 A.
361 508 452 563 Broclr
470 514 582 578 qaaestt
600 524 713 578 gramm.
733 505 957 578 (Dorpat.189l)
972 525 1002 577 p.
1016 513 1066 562 152

624 727 757 787 COLAX

181 849 302 936 Figura
325 849 467 913 humana
489 846 590 912 nimio
614 846 727 911 ardore
750 846 935 932 igne'scitur.

181 1061 200 1113 fi
253 988 362 1086 N'onius
377 993 466 1058 481‚7
483 985 692 1056 ‘ignoscitur
705 1002 756 1056 pro
770 985 900 1056 ignescit.
932 985 1068 1041 Laberius
1083 985 1200 1042 Colace:

200 1076 272 1130 gura
299 1076 322 1114 e.
337 1077 364 1127 q.
380 1077 401 1113 s.

252 1166 359 1236 figurae
377 1166 518 1218 humanae
537 1165 656 1219 Botbr'ue
722 1163 810 1218 nimio
829 1165 929 1218 ardore
948 1165 1067 1220 Bottiae
1088 1164 1201 1218 inimici

181 1238 280 1292 ardore
298 1249 335 1306 ψ,
359 1243 451 1292 tuetur
468 1237 531 1291 Bac
553 1234 630 1289 nimo
653 1235 748 1289 nelore
767 1236 859 1290 Pelet.
885 1234 945 1288 uini
968 1236 1067 1290 ardore
1090 1239 1161 1292 cerri.
1178 1254 1199 1291 c
1312 1283 1313 1292 ,

180 1308 268 1363 animi
287 1308 409 1362 candore
427 1309 532 1364 corrr‘cio

569 1527 808 1587 COLORATOR

251 1645 427 1700 ConoaAron:
452 1646 486 1700 cf.
506 1645 546 1698 IN
567 1650 637 1699 4260
660 1643 723 1699 CGl
740 1644 767 1698 Π
785 1649 845 1713 103,
866 1650 898 1697 21
918 1643 964 1714 (cf.
985 1648 1030 1716 27)
1050 1645 1095 1702 G:
1122 1645 1199 1700 eolo·
1313 1697 1314 1710 ,

179 1719 258 1771 rator
276 1716 432 1790 στιλβωτής.
1313 1713 1314 1746 ³

483 1826 592 1909 itaque
615 1825 681 1888 leni
703 1847 807 1909 pruna
830 1825 940 1889 coctus

181 1932 286 1999 Simul
309 1933 368 1998 sub
393 1932 503 1997 dentes
526 1931 671 1996 mulieris
693 1929 782 2016 ueni,
805 1931 856 1995 bis
879 1934 928 1996 ter
950 1932 1130 1997 memordit.

254 2071 361 2126 Gellius
380 2072 419 2126 VI
438 2072 510 2142 (Vll)
529 2077 590 2140 9‚4
616 2071 677 2124 ‘eed
696 2069 727 2136 Q.
746 2070 853 2124 Ennius
877 2069 907 2124 in
931 2071 1034 2126 eatinis
1056 2088 1201 2125 memor·
1314 2039 1315 2044 Ἰ

180 2143 273 2197 derit
296 2142 369 2196 dixit
391 2159 441 2213 per
460 2159 475 2196 e
493 2142 632 2210 litteram,
655 2159 713 2196 non
730 2141 920 2198 momorderit.
946 2187 951 2197 .
968 2187 973 2198 .
990 2187 996 2198 .
1017 2143 1089 2198 Item
1106 2142 1200 2198 Labe-

180 2213 238 2268 rius
262 2213 293 2267 in
312 2213 402 2268 Gallis
427 2257 477 2269 ...
501 2214 573 2267 Item
591 2213 667 2266 idem
684 2213 820 2267 Laberius
839 2213 870 2266 in
889 2213 1063 2270 Coloratore:
1087 2214 1199 2282 itaque’

180 2302 203 2340 e.
219 2303 246 2354 q,
262 2302 283 2339 s.

253 2399 266 2445 1
287 2394 383 2446 coctus
402 2393 501 2460 scripsi
521 2393 669 2460 percoctus
688 2411 709 2444 ω
733 2389 815 2459 quasi
832 2393 979 2460 percoctus
997 2393 1058 2446 Bac

564 2628 811 2689 COMPITALIA

679 2754 694 2811 I

180 2909 187 2921 .
211 2859 297 2919 minc
320 2859 356 2920 tu
379 2854 509 2940 lentu’e,
531 2858 617 2918 nunc
640 2858 677 2918 tu
700 2876 818 2938 susque
842 2854 944 2938 de‘que
966 2854 1044 2918 fers:

125 2981 160 3029 30
179 2963 285 3026 Mater
307 2961 447 3027 familias
469 2966 526 3026 tua
548 2961 583 3027 in
606 2962 689 3026 lecto
714 2961 847 3026 aduerso
871 2961 972 3048 sedet,

180 3069 299 3135 Seruos
322 3069 478 3133 sextantis
500 3068 605 3133 utitur
626 3068 759 3132 nefariis

180 3175 306 3242 Verbis.

251 3295 359 3352 Gellius
378 3296 442 3351 XVI
461 3301 486 3364 9,
505 3303 522 3350 4
543 3295 696 3365 ‘significat
716 3298 811 3349 autem
830 3312 954 3364 susque
976 3295 1085 3364 deque
1104 3295 1199 3352 ferre

179 3368 274 3424 animo
299 3384 388 3436 aequo
412 3383 473 3421 esse
497 3369 527 3421 et
550 3367 626 3435 quod
645 3365 749 3420 eccidit
772 3383 829 3420 non
849 3367 946 3437 magni
968 3367 1089 3437 pendere
1109 3369 1199 3436 atque

177 3440 321 3494 interdum
343 3438 492 3508 neglegere
516 3439 545 3491 et
570 3440 747 3492 contemnere
774 3440 803 3492 et
827 3439 1029 3508 propemodum
1053 3437 1084 3490 id
1107 3437 1198 3509 ualet,

178 3511 255 3580 quod
280 3509 385 3563 dicitur
408 3509 514 3564 Graece
542 3509 719 3579 ἁδιαφορεῑν.
761 3509 897 3563 Laberius
922 3509 952 3564 in
975 3508 1196 3579 Compitalibus:

177 3583 263 3635 nunc’
280 3597 303 3634 e.
318 3599 344 3648 q.
360 3598 381 3635 s.
