<?xml version="1.0" encoding="UTF-8"?>
<!DOCTYPE html PUBLIC "-//W3C//DTD XHTML 1.0 Transitional//EN"
    "http://www.w3.org/TR/xhtml1/DTD/xhtml1-transitional.dtd">
<html xmlns="http://www.w3.org/1999/xhtml" xml:lang="en" lang="en">
 <head>
  <title>
</title>
<meta http-equiv="Content-Type" content="text/html;charset=utf-8" />
  <meta name='ocr-system' content='tesseract 3.04.00' />
  <meta name='ocr-capabilities' content='ocr_page ocr_carea ocr_par ocr_line ocrx_word'/>
</head>
<body>
  <div class='ocr_page' id='page_1' title='image "./scaenicaeromano05ribbgoog_0093.png"; bbox 0 0 2696 3946; ppageno 0'>
   <div class='ocr_carea' id='block_1_1' title="bbox 180 211 865 306">
    <p class='ocr_par' dir='ltr' id='par_1_1' title="bbox 180 211 865 306">
     <span class='ocr_line' id='line_1_1' title="bbox 180 211 865 306; baseline -0.003 -32"><span class='ocrx_word' id='word_1_1' title='bbox 180 211 220 276; x_wconf 80' lang='grc'><strong>78</strong></span> <span class='ocrx_word' id='word_1_2' title='bbox 350 296 355 306; x_wconf 35' lang='lat'><strong><em>¹</em></strong></span> <span class='ocrx_word' id='word_1_3' title='bbox 508 213 694 272; x_wconf 80' lang='lat' dir='ltr'><strong>CAEClLIVS</strong></span> <span class='ocrx_word' id='word_1_4' title='bbox 714 215 865 272; x_wconf 70' lang='lat' dir='ltr'><strong>suamve</strong></span> 
     </span>
    </p>
   </div>
   <div class='ocr_carea' id='block_1_2' title="bbox 176 375 1196 520">
    <p class='ocr_par' dir='ltr' id='par_1_2' title="bbox 176 375 1196 520">
     <span class='ocr_line' id='line_1_2' title="bbox 177 375 1196 447; baseline 0.005 -19"><span class='ocrx_word' id='word_1_5' title='bbox 177 375 322 431; x_wconf 79' lang='lat' dir='ltr'><strong>Asinaria:</strong></span> <span class='ocrx_word' id='word_1_6' title='bbox 345 383 456 445; x_wconf 86' lang='lat' dir='ltr'><strong>gerrae!</strong></span> <span class='ocrx_word' id='word_1_7' title='bbox 482 420 487 430; x_wconf 95' lang='lat'>.</span> <span class='ocrx_word' id='word_1_8' title='bbox 509 419 514 430; x_wconf 94' lang='lat'><em>.</em></span> <span class='ocrx_word' id='word_1_9' title='bbox 535 419 541 430; x_wconf 90' lang='lat'><strong>.</strong></span> <span class='ocrx_word' id='word_1_10' title='bbox 560 376 637 430; x_wconf 90' lang='lat' dir='ltr'><strong>idem</strong></span> <span class='ocrx_word' id='word_1_11' title='bbox 660 421 692 432; x_wconf 94' lang='lat'><strong>..</strong></span> <span class='ocrx_word' id='word_1_12' title='bbox 718 393 853 447; x_wconf 76' lang='lat' dir='ltr'>congerro</span> <span class='ocrx_word' id='word_1_13' title='bbox 883 393 975 446; x_wconf 87' lang='lat' dir='ltr'><strong>meus,</strong></span> <span class='ocrx_word' id='word_1_14' title='bbox 1004 381 1037 432; x_wconf 90' lang='lat' dir='ltr'><strong>ut</strong></span> <span class='ocrx_word' id='word_1_15' title='bbox 1064 379 1196 434; x_wconf 89' lang='lat' dir='ltr'><strong>conlusor</strong></span> 
     </span>
     <span class='ocr_line' id='line_1_3' title="bbox 176 446 1193 520; baseline 0.004 -20"><span class='ocrx_word' id='word_1_16' title='bbox 176 463 264 515; x_wconf 78' lang='lat' dir='ltr'><strong>meus,</strong></span> <span class='ocrx_word' id='word_1_17' title='bbox 279 446 329 515; x_wconf 87' lang='lat' dir='ltr'><strong>qui</strong></span> <span class='ocrx_word' id='word_1_18' title='bbox 342 448 456 502; x_wconf 91' lang='lat' dir='ltr'><strong>easdem</strong></span> <span class='ocrx_word' id='word_1_19' title='bbox 470 451 600 504; x_wconf 85' lang='lat' dir='ltr'><strong>exerceat</strong></span> <span class='ocrx_word' id='word_1_20' title='bbox 612 466 711 518; x_wconf 83' lang='lat' dir='ltr'><strong>nugas.</strong></span> <span class='ocrx_word' id='word_1_21' title='bbox 731 447 870 504; x_wconf 77' lang='lat' dir='ltr'><strong>Caecilius</strong></span> <span class='ocrx_word' id='word_1_22' title='bbox 884 448 1038 506; x_wconf 86' lang='lat' dir='ltr'><strong>Portitore:</strong></span> <span class='ocrx_word' id='word_1_23' title='bbox 1053 467 1103 504; x_wconf 87' lang='lat' dir='ltr'><strong>eur</strong></span> <span class='ocrx_word' id='word_1_24' title='bbox 1117 451 1143 505; x_wconf 93' lang='lat' dir='ltr'><strong>d.</strong></span> <span class='ocrx_word' id='word_1_25' title='bbox 1154 453 1193 520; x_wconf 84' lang='lat' dir='ltr'><strong>g.&#39;</strong></span> 
     </span>
    </p>
   </div>
   <div class='ocr_carea' id='block_1_3' title="bbox 176 553 1196 698">
    <p class='ocr_par' dir='ltr' id='par_1_3' title="bbox 176 553 1196 698">
     <span class='ocr_line' id='line_1_4' title="bbox 249 553 1196 625; baseline 0.005 -19"><span class='ocrx_word' id='word_1_26' title='bbox 249 553 421 623; x_wconf 91' lang='lat' dir='ltr'><strong>depopulato</strong></span> <span class='ocrx_word' id='word_1_27' title='bbox 441 554 514 608; x_wconf 73' lang='grc' dir='ltr'>Μ</span> <span class='ocrx_word' id='word_1_28' title='bbox 581 572 660 624; x_wconf 86' lang='lat' dir='ltr'><strong>gerre</strong></span> <span class='ocrx_word' id='word_1_29' title='bbox 679 556 706 609; x_wconf 85' lang='lat' dir='ltr'><strong><em>L</em></strong></span> <span class='ocrx_word' id='word_1_30' title='bbox 769 554 815 608; x_wconf 84' lang='lat' dir='ltr'><strong>fur</strong></span> <span class='ocrx_word' id='word_1_31' title='bbox 833 554 1021 624; x_wconf 77' lang='lat' dir='ltr'><strong>depopulator</strong></span> <span class='ocrx_word' id='word_1_32' title='bbox 1039 571 1123 625; x_wconf 77' lang='lat' dir='ltr'><strong>gerno</strong></span> <span class='ocrx_word' id='word_1_33' title='bbox 1139 555 1196 611; x_wconf 85' lang='lat' dir='ltr'><strong>Ro·</strong></span> 
     </span>
     <span class='ocr_line' id='line_1_5' title="bbox 176 625 1196 698; baseline 0.002 -18"><span class='ocrx_word' id='word_1_34' title='bbox 176 626 246 680; x_wconf 78' lang='lat' dir='ltr'><strong>stiac</strong></span> <span class='ocrx_word' id='word_1_35' title='bbox 264 643 356 680; x_wconf 69' lang='lat' dir='ltr'><strong>comta.</strong></span> <span class='ocrx_word' id='word_1_36' title='bbox 376 626 471 681; x_wconf 72' lang='lat' dir='ltr'><strong>Placet.</strong></span> <span class='ocrx_word' id='word_1_37' title='bbox 491 631 552 694; x_wconf 77' lang='lat'>282,</span> <span class='ocrx_word' id='word_1_38' title='bbox 571 644 628 682; x_wconf 72' lang='lat' dir='ltr'><strong>ewa</strong></span> <span class='ocrx_word' id='word_1_39' title='bbox 645 628 716 682; x_wconf 85' lang='lat' dir='ltr'><strong>male</strong></span> <span class='ocrx_word' id='word_1_40' title='bbox 735 626 780 679; x_wconf 79' lang='lat' dir='ltr'><strong>fur</strong></span> <span class='ocrx_word' id='word_1_41' title='bbox 799 626 825 680; x_wconf 90' lang='lat' dir='ltr'><strong>d.</strong></span> <span class='ocrx_word' id='word_1_42' title='bbox 846 628 858 677; x_wconf 78' lang='grc'><strong>7</strong></span> <span class='ocrx_word' id='word_1_43' title='bbox 877 633 988 696; x_wconf 83' lang='lat' dir='ltr'><strong>gerrae!</strong></span> <span class='ocrx_word' id='word_1_44' title='bbox 1009 625 1196 698; x_wconf 73' lang='lat' dir='ltr'><strong>Kiccsla&#39;apias</strong></span> 
     </span>
    </p>
   </div>
   <div class='ocr_carea' id='block_1_4' title="bbox 175 791 1218 1211">
    <p class='ocr_par' dir='ltr' id='par_1_4' title="bbox 175 791 1218 1211">
     <span class='ocr_line' id='line_1_6' title="bbox 576 791 792 854; baseline 0.009 -2"><span class='ocrx_word' id='word_1_45' title='bbox 576 791 792 854; x_wconf 76' lang='lat' dir='ltr'><strong>PROGAMOS</strong></span> 
     </span>
     <span class='ocr_line' id='line_1_7' title="bbox 247 908 583 981; baseline 0.003 -18"><span class='ocrx_word' id='word_1_46' title='bbox 247 908 397 981; x_wconf 76' lang='grc' dir='ltr'><em>Πρόγαμοι</em></span> <span class='ocrx_word' id='word_1_47' title='bbox 414 909 583 964; x_wconf 81' lang='lat' dir='ltr'><strong>Menandri?</strong></span> 
     </span>
     <span class='ocr_line' id='line_1_8' title="bbox 677 1025 693 1082; baseline 0 0"><span class='ocrx_word' id='word_1_48' title='bbox 677 1025 693 1082; x_wconf 94' lang='lat' dir='ltr'>I</span> 
     </span>
     <span class='ocr_line' id='line_1_9' title="bbox 175 1123 1218 1211; baseline 0.002 -21"><span class='ocrx_word' id='word_1_49' title='bbox 175 1123 225 1190; x_wconf 91' lang='lat' dir='ltr'><strong>Ita</strong></span> <span class='ocrx_word' id='word_1_50' title='bbox 248 1125 336 1209; x_wconf 78' lang='lat' dir='ltr'><strong>quod</strong></span> <span class='ocrx_word' id='word_1_51' title='bbox 358 1125 483 1189; x_wconf 88' lang='lat' dir='ltr'><strong>laetitia</strong></span> <span class='ocrx_word' id='word_1_52' title='bbox 504 1126 556 1189; x_wconf 88' lang='lat' dir='ltr'><strong>me&#39;</strong></span> <span class='ocrx_word' id='word_1_53' title='bbox 579 1125 757 1211; x_wconf 78' lang='lat' dir='ltr'><strong>nobilitat,</strong></span> <span class='ocrx_word' id='word_1_54' title='bbox 786 1129 914 1192; x_wconf 75' lang='lat' dir='ltr'><strong>maeror</strong></span> <span class='ocrx_word' id='word_1_55' title='bbox 936 1127 1072 1192; x_wconf 78' lang='lat' dir='ltr'><strong>molitdr</strong></span> <span class='ocrx_word' id='word_1_56' title='bbox 1094 1132 1218 1204; x_wconf 68' lang='lat' dir='ltr'><strong>metu]</strong></span> 
     </span>
    </p>
   </div>
   <div class='ocr_carea' id='block_1_5' title="bbox 246 1245 1159 1320">
    <p class='ocr_par' dir='ltr' id='par_1_5' title="bbox 246 1245 1159 1320">
     <span class='ocr_line' id='line_1_10' title="bbox 246 1245 1159 1320; baseline 0.007 -21"><span class='ocrx_word' id='word_1_57' title='bbox 246 1246 356 1300; x_wconf 87' lang='lat' dir='ltr'><strong>Nonius</strong></span> <span class='ocrx_word' id='word_1_58' title='bbox 375 1251 435 1316; x_wconf 82' lang='lat'>346,</span> <span class='ocrx_word' id='word_1_59' title='bbox 457 1252 490 1301; x_wconf 83' lang='lat'><strong>14</strong></span> <span class='ocrx_word' id='word_1_60' title='bbox 511 1245 654 1318; x_wconf 81' lang='lat' dir='ltr'><strong>‘moliri‚</strong></span> <span class='ocrx_word' id='word_1_61' title='bbox 672 1246 803 1317; x_wconf 82' lang='lat' dir='ltr'><strong>retinere,</strong></span> <span class='ocrx_word' id='word_1_62' title='bbox 821 1247 925 1303; x_wconf 89' lang='lat' dir='ltr'><strong>morari</strong></span> <span class='ocrx_word' id='word_1_63' title='bbox 945 1265 978 1304; x_wconf 89' lang='lat' dir='ltr'><strong>ac</strong></span> <span class='ocrx_word' id='word_1_64' title='bbox 996 1248 1159 1320; x_wconf 63' lang='lat' dir='ltr'><strong>repigrato?</strong></span> 
     </span>
    </p>
   </div>
   <div class='ocr_carea' id='block_1_6' title="bbox 178 1352 1260 1480">
    <p class='ocr_par' dir='ltr' id='par_1_6' title="bbox 178 1352 1260 1480">
     <span class='ocr_line' id='line_1_11' title="bbox 178 1352 1260 1480; baseline 0.005 -75"><span class='ocrx_word' id='word_1_65' title='bbox 178 1424 203 1479; x_wconf 66' lang='lat' dir='ltr'><em>G</em></span> <span class='ocrx_word' id='word_1_66' title='bbox 237 1353 298 1480; x_wconf 49' lang='lat' dir='ltr'><strong>unm</strong></span> <span class='ocrx_word' id='word_1_67' title='bbox 313 1361 417 1420; x_wconf 78' lang='lat' dir='ltr'><strong>quom?</strong></span> <span class='ocrx_word' id='word_1_68' title='bbox 445 1377 448 1382; x_wconf 94' lang='lat'>·</span> <span class='ocrx_word' id='word_1_69' title='bbox 477 1352 590 1407; x_wconf 87' lang='lat' dir='ltr'><strong>laetitia</strong></span> <span class='ocrx_word' id='word_1_70' title='bbox 604 1354 761 1410; x_wconf 70' lang='lat' dir='ltr'><strong>Pelenariae</strong></span> <span class='ocrx_word' id='word_1_71' title='bbox 778 1353 877 1409; x_wconf 81' lang='lat' dir='ltr'><strong>latiale</strong></span> <span class='ocrx_word' id='word_1_72' title='bbox 891 1355 1001 1426; x_wconf 86' lang='lat' dir='ltr'><strong>(latiale</strong></span> <span class='ocrx_word' id='word_1_73' title='bbox 1016 1357 1056 1426; x_wconf 92' lang='lat' dir='ltr'><strong>P)</strong></span> <span class='ocrx_word' id='word_1_74' title='bbox 1071 1377 1092 1410; x_wconf 87' lang='grc' dir='ltr'><strong><em>ω</em></strong></span> <span class='ocrx_word' id='word_1_75' title='bbox 1106 1355 1195 1410; x_wconf 84' lang='lat' dir='ltr'><strong>letale</strong></span> <span class='ocrx_word' id='word_1_76' title='bbox 1255 1425 1260 1434; x_wconf 74' lang='lat'><em>.</em></span> 
     </span>
     <span class='ocr_line' id='line_1_12' title="bbox 204 1441 332 1480; baseline -0.008 0"><span class='ocrx_word' id='word_1_77' title='bbox 204 1443 237 1480; x_wconf 84' lang='lat' dir='ltr'><strong>ra</strong></span> <span class='ocrx_word' id='word_1_78' title='bbox 298 1441 332 1479; x_wconf 77' lang='lat' dir='ltr'><strong>aa</strong></span> 
     </span>
    </p>
   </div>
   <div class='ocr_carea' id='block_1_7' title="bbox 176 1521 700 1651">
    <p class='ocr_par' dir='ltr' id='par_1_7' title="bbox 176 1521 700 1651">
     <span class='ocr_line' id='line_1_13' title="bbox 176 1521 700 1651; baseline 0 0"><span class='ocrx_word' id='word_1_79' title='bbox 176 1586 293 1651; x_wconf 89' lang='lat' dir='ltr'><strong>audibo</strong></span> <span class='ocrx_word' id='word_1_80' title='bbox 668 1521 700 1580; x_wconf 83' lang='grc' dir='ltr'><strong><em>Π</em></strong></span> 
     </span>
    </p>
   </div>
   <div class='ocr_carea' id='block_1_8' title="bbox 183 1689 532 1780">
    <p class='ocr_par' dir='ltr' id='par_1_8' title="bbox 183 1689 532 1780">
     <span class='ocr_line' id='line_1_14' title="bbox 183 1689 532 1780; baseline 0.009 -37"><span class='ocrx_word' id='word_1_81' title='bbox 183 1747 195 1780; x_wconf 39' lang='grc' dir='ltr'><em>θ</em></span> <span class='ocrx_word' id='word_1_82' title='bbox 246 1689 319 1744; x_wconf 85' lang='lat' dir='ltr'><strong>Vide</strong></span> <span class='ocrx_word' id='word_1_83' title='bbox 339 1690 375 1744; x_wconf 89' lang='lat' dir='ltr'><strong>ad</strong></span> <span class='ocrx_word' id='word_1_84' title='bbox 393 1689 493 1746; x_wconf 87' lang='lat' dir='ltr'><strong>Naucl.</strong></span> <span class='ocrx_word' id='word_1_85' title='bbox 512 1691 532 1746; x_wconf 91' lang='lat'><strong>1.</strong></span> 
     </span>
    </p>
   </div>
   <div class='ocr_carea' id='block_1_9' title="bbox 247 1822 787 2010">
    <p class='ocr_par' dir='ltr' id='par_1_9' title="bbox 247 1822 787 2010">
     <span class='ocr_line' id='line_1_15' title="bbox 619 1822 742 1883; baseline 0 -2"><span class='ocrx_word' id='word_1_86' title='bbox 619 1822 742 1883; x_wconf 85' lang='lat' dir='ltr'><strong>PVGIL</strong></span> 
     </span>
     <span class='ocr_line' id='line_1_16' title="bbox 247 1938 787 2010; baseline 0 -16"><span class='ocrx_word' id='word_1_87' title='bbox 247 1939 286 1994; x_wconf 85' lang='lat' dir='ltr'><strong>Cf.</strong></span> <span class='ocrx_word' id='word_1_88' title='bbox 307 1940 419 2010; x_wconf 76' lang='grc' dir='ltr'><strong><em>Πύκτης</em></strong></span> <span class='ocrx_word' id='word_1_89' title='bbox 437 1938 571 1994; x_wconf 86' lang='lat' dir='ltr'><strong>Timoclis</strong></span> <span class='ocrx_word' id='word_1_90' title='bbox 591 1943 620 1993; x_wconf 89' lang='lat' dir='ltr'><strong>et</strong></span> <span class='ocrx_word' id='word_1_91' title='bbox 638 1938 787 1994; x_wconf 86' lang='lat' dir='ltr'><strong>Timothei.</strong></span> 
     </span>
    </p>
   </div>
   <div class='ocr_carea' id='block_1_10' title="bbox 174 2065 1193 2261">
    <p class='ocr_par' dir='ltr' id='par_1_10' title="bbox 174 2065 1193 2261">
     <span class='ocr_line' id='line_1_17' title="bbox 175 2065 1193 2151; baseline 0.001 -22"><span class='ocrx_word' id='word_1_92' title='bbox 175 2066 258 2130; x_wconf 84' lang='lat' dir='ltr'><strong>Tum</strong></span> <span class='ocrx_word' id='word_1_93' title='bbox 276 2067 361 2131; x_wconf 74' lang='lat' dir='ltr'><strong>inter</strong></span> <span class='ocrx_word' id='word_1_94' title='bbox 378 2067 566 2132; x_wconf 88' lang='lat' dir='ltr'><strong>luctandum</strong></span> <span class='ocrx_word' id='word_1_95' title='bbox 583 2065 671 2131; x_wconf 87' lang='lat' dir='ltr'><strong>hunc</strong></span> <span class='ocrx_word' id='word_1_96' title='bbox 689 2065 841 2131; x_wconf 87' lang='lat' dir='ltr'><strong>timidum</strong></span> <span class='ocrx_word' id='word_1_97' title='bbox 863 2067 1010 2132; x_wconf 79' lang='lat' dir='ltr'><strong>tremulis</strong></span> <span class='ocrx_word' id='word_1_98' title='bbox 1028 2067 1193 2151; x_wconf 77' lang='lat' dir='ltr'><strong>palpebris</strong></span> 
     </span>
     <span class='ocr_line' id='line_1_18' title="bbox 174 2171 942 2261; baseline 0.004 -26"><span class='ocrx_word' id='word_1_99' title='bbox 174 2171 345 2236; x_wconf 76' lang='lat' dir='ltr'><strong>Percutere</strong></span> <span class='ocrx_word' id='word_1_100' title='bbox 367 2173 470 2237; x_wconf 83' lang='lat' dir='ltr'><strong>nictu:</strong></span> <span class='ocrx_word' id='word_1_101' title='bbox 492 2173 546 2238; x_wconf 92' lang='lat' dir='ltr'><strong>hic</strong></span> <span class='ocrx_word' id='word_1_102' title='bbox 569 2173 708 2261; x_wconf 81' lang='lat' dir='ltr'><strong>gaddere</strong></span> <span class='ocrx_word' id='word_1_103' title='bbox 731 2177 764 2238; x_wconf 89' lang='lat' dir='ltr'><strong>ot</strong></span> <span class='ocrx_word' id='word_1_104' title='bbox 786 2173 942 2238; x_wconf 78' lang='lat' dir='ltr'><strong>mirdrier.</strong></span> 
     </span>
    </p>
   </div>
   <div class='ocr_carea' id='block_1_11' title="bbox 173 2291 1190 2648">
    <p class='ocr_par' dir='ltr' id='par_1_11' title="bbox 173 2291 1190 2648">
     <span class='ocr_line' id='line_1_19' title="bbox 246 2291 1189 2362; baseline 0.002 -16"><span class='ocrx_word' id='word_1_105' title='bbox 246 2291 347 2346; x_wconf 77' lang='lat' dir='ltr'><strong>Festus</strong></span> <span class='ocrx_word' id='word_1_106' title='bbox 364 2311 391 2362; x_wconf 89' lang='lat' dir='ltr'><strong>p.</strong></span> <span class='ocrx_word' id='word_1_107' title='bbox 406 2299 456 2348; x_wconf 92' lang='grc'><strong>177</strong></span> <span class='ocrx_word' id='word_1_108' title='bbox 470 2294 508 2348; x_wconf 89' lang='lat' dir='ltr'><strong>M.</strong></span> <span class='ocrx_word' id='word_1_109' title='bbox 529 2293 680 2349; x_wconf 81' lang='lat' dir='ltr'><strong>‘nictare</strong></span> <span class='ocrx_word' id='word_1_110' title='bbox 703 2297 733 2350; x_wconf 90' lang='lat' dir='ltr'><strong>et</strong></span> <span class='ocrx_word' id='word_1_111' title='bbox 750 2294 895 2349; x_wconf 84' lang='lat' dir='ltr'><strong>oculorum</strong></span> <span class='ocrx_word' id='word_1_112' title='bbox 914 2297 943 2350; x_wconf 89' lang='lat' dir='ltr'><strong>et</strong></span> <span class='ocrx_word' id='word_1_113' title='bbox 961 2294 1082 2348; x_wconf 80' lang='lat' dir='ltr'><strong>aliorum</strong></span> <span class='ocrx_word' id='word_1_114' title='bbox 1102 2310 1189 2348; x_wconf 87' lang='lat' dir='ltr'><strong>mem-</strong></span> 
     </span>
     <span class='ocr_line' id='line_1_20' title="bbox 174 2363 1189 2436; baseline 0 -20"><span class='ocrx_word' id='word_1_115' title='bbox 174 2364 287 2418; x_wconf 88' lang='lat' dir='ltr'><strong>brorum</strong></span> <span class='ocrx_word' id='word_1_116' title='bbox 310 2363 374 2417; x_wconf 90' lang='lat' dir='ltr'><strong>nisu</strong></span> <span class='ocrx_word' id='word_1_117' title='bbox 390 2380 481 2436; x_wconf 86' lang='lat' dir='ltr'><strong>¹saepe</strong></span> <span class='ocrx_word' id='word_1_118' title='bbox 505 2365 614 2433; x_wconf 86' lang='lat' dir='ltr'><strong>aliquid</strong></span> <span class='ocrx_word' id='word_1_119' title='bbox 637 2366 733 2420; x_wconf 88' lang='lat' dir='ltr'><strong>conari</strong></span> <span class='ocrx_word' id='word_1_120' title='bbox 759 2366 867 2420; x_wconf 90' lang='lat' dir='ltr'><strong>dictum</strong></span> <span class='ocrx_word' id='word_1_121' title='bbox 890 2368 934 2420; x_wconf 89' lang='lat' dir='ltr'><strong>est</strong></span> <span class='ocrx_word' id='word_1_122' title='bbox 953 2366 989 2420; x_wconf 83' lang='lat' dir='ltr'><strong>ab</strong></span> <span class='ocrx_word' id='word_1_123' title='bbox 1009 2364 1135 2434; x_wconf 82' lang='lat' dir='ltr'><strong>antiquis</strong></span> <span class='ocrx_word' id='word_1_124' title='bbox 1154 2395 1189 2416; x_wconf 73' lang='lat'><strong>-‚</strong></span> 
     </span>
     <span class='ocr_line' id='line_1_21' title="bbox 174 2434 1190 2505; baseline 0.003 -18"><span class='ocrx_word' id='word_1_125' title='bbox 174 2467 210 2475; x_wconf 92' lang='lat'>-</span> <span class='ocrx_word' id='word_1_126' title='bbox 228 2435 303 2488; x_wconf 92' lang='lat' dir='ltr'><strong>unde</strong></span> <span class='ocrx_word' id='word_1_127' title='bbox 321 2434 438 2504; x_wconf 88' lang='lat' dir='ltr'><strong>quidam</strong></span> <span class='ocrx_word' id='word_1_128' title='bbox 455 2435 648 2505; x_wconf 78' lang='lat' dir='ltr'><strong>metationem,</strong></span> <span class='ocrx_word' id='word_1_129' title='bbox 670 2436 787 2505; x_wconf 90' lang='lat' dir='ltr'><strong>quidam</strong></span> <span class='ocrx_word' id='word_1_130' title='bbox 807 2437 923 2504; x_wconf 76' lang='lat' dir='ltr'><strong>nictum,</strong></span> <span class='ocrx_word' id='word_1_131' title='bbox 945 2437 977 2490; x_wconf 93' lang='lat' dir='ltr'><strong>ut</strong></span> <span class='ocrx_word' id='word_1_132' title='bbox 996 2435 1135 2490; x_wconf 82' lang='lat' dir='ltr'><strong>Caecilius</strong></span> <span class='ocrx_word' id='word_1_133' title='bbox 1153 2435 1190 2490; x_wconf 92' lang='lat' dir='ltr'><strong>in</strong></span> 
     </span>
     <span class='ocr_line' id='line_1_22' title="bbox 173 2506 1190 2578; baseline 0.002 -18"><span class='ocrx_word' id='word_1_134' title='bbox 173 2506 337 2578; x_wconf 82' lang='lat' dir='ltr'><strong>pugilem:</strong></span> <span class='ocrx_word' id='word_1_135' title='bbox 356 2507 428 2559; x_wconf 91' lang='lat' dir='ltr'><strong>tum&#39;</strong></span> <span class='ocrx_word' id='word_1_136' title='bbox 444 2523 467 2561; x_wconf 87' lang='lat' dir='ltr'><strong>c.</strong></span> <span class='ocrx_word' id='word_1_137' title='bbox 483 2524 509 2575; x_wconf 91' lang='lat' dir='ltr'><strong>q.</strong></span> <span class='ocrx_word' id='word_1_138' title='bbox 523 2525 544 2561; x_wconf 88' lang='lat' dir='ltr'><strong>s.</strong></span> <span class='ocrx_word' id='word_1_139' title='bbox 571 2507 677 2561; x_wconf 89' lang='lat' dir='ltr'><strong>Paulus</strong></span> <span class='ocrx_word' id='word_1_140' title='bbox 695 2527 722 2576; x_wconf 84' lang='lat' dir='ltr'><strong>p.</strong></span> <span class='ocrx_word' id='word_1_141' title='bbox 739 2513 790 2562; x_wconf 85' lang='grc'><strong>176</strong></span> <span class='ocrx_word' id='word_1_142' title='bbox 804 2509 841 2563; x_wconf 90' lang='lat' dir='ltr'><strong>M.</strong></span> <span class='ocrx_word' id='word_1_143' title='bbox 863 2507 993 2562; x_wconf 78' lang='lat' dir='ltr'><strong>‘dicimus</strong></span> <span class='ocrx_word' id='word_1_144' title='bbox 1008 2507 1085 2562; x_wconf 80' lang='lat' dir='ltr'><strong>enim</strong></span> <span class='ocrx_word' id='word_1_145' title='bbox 1098 2507 1190 2562; x_wconf 79' lang='lat' dir='ltr'><strong>nicta·</strong></span> 
     </span>
     <span class='ocr_line' id='line_1_23' title="bbox 174 2576 1123 2648; baseline -0.001 -16"><span class='ocrx_word' id='word_1_146' title='bbox 174 2577 281 2632; x_wconf 89' lang='lat' dir='ltr'><strong>tioncm</strong></span> <span class='ocrx_word' id='word_1_147' title='bbox 299 2580 329 2632; x_wconf 91' lang='lat' dir='ltr'><strong>et</strong></span> <span class='ocrx_word' id='word_1_148' title='bbox 345 2576 483 2632; x_wconf 89' lang='lat' dir='ltr'><strong>nictum.</strong></span> <span class='ocrx_word' id='word_1_149' title='bbox 521 2577 673 2634; x_wconf 82' lang='lat' dir='ltr'><strong>Caecilius:</strong></span> <span class='ocrx_word' id='word_1_150' title='bbox 692 2579 767 2632; x_wconf 92' lang='lat' dir='ltr'><strong>hunc</strong></span> <span class='ocrx_word' id='word_1_151' title='bbox 785 2578 913 2633; x_wconf 87' lang='lat' dir='ltr'><strong>tremulis</strong></span> <span class='ocrx_word' id='word_1_152' title='bbox 931 2597 958 2648; x_wconf 94' lang='lat' dir='ltr'><strong>p.</strong></span> <span class='ocrx_word' id='word_1_153' title='bbox 978 2597 1004 2648; x_wconf 88' lang='lat' dir='ltr'><strong>p.</strong></span> <span class='ocrx_word' id='word_1_154' title='bbox 1024 2577 1123 2632; x_wconf 86' lang='lat' dir='ltr'><strong>nictu’</strong></span> 
     </span>
    </p>
   </div>
   <div class='ocr_carea' id='block_1_12' title="bbox 247 2684 1171 2754">
    <p class='ocr_par' dir='ltr' id='par_1_12' title="bbox 247 2684 1171 2754">
     <span class='ocr_line' id='line_1_24' title="bbox 247 2684 1171 2754; baseline 0.003 -17"><span class='ocrx_word' id='word_1_155' title='bbox 247 2691 260 2737; x_wconf 94' lang='lat'>1</span> <span class='ocrx_word' id='word_1_156' title='bbox 281 2684 446 2738; x_wconf 89' lang='lat' dir='ltr'><strong>luctandum</strong></span> <span class='ocrx_word' id='word_1_157' title='bbox 463 2687 562 2754; x_wconf 80' lang='lat' dir='ltr'><strong>scripsi</strong></span> <span class='ocrx_word' id='word_1_158' title='bbox 579 2685 754 2739; x_wconf 85' lang='lat' dir='ltr'><strong>laudandum</strong></span> <span class='ocrx_word' id='word_1_159' title='bbox 772 2686 829 2740; x_wconf 83' lang='lat' dir='ltr'><strong>eod.</strong></span> <span class='ocrx_word' id='word_1_160' title='bbox 848 2684 1003 2739; x_wconf 87' lang='lat' dir='ltr'><strong>ludendum</strong></span> <span class='ocrx_word' id='word_1_161' title='bbox 1022 2685 1171 2740; x_wconf 60' lang='lat' dir='ltr'><strong>liuterius</strong></span> 
     </span>
    </p>
   </div>
   <div class='ocr_carea' id='block_1_13' title="bbox 122 2852 1001 3126">
    <p class='ocr_par' dir='ltr' id='par_1_13' title="bbox 122 2852 1001 3126">
     <span class='ocr_line' id='line_1_25' title="bbox 570 2852 790 2914; baseline -0.005 -1"><span class='ocrx_word' id='word_1_162' title='bbox 570 2852 790 2914; x_wconf 81' lang='lat' dir='ltr'><strong>SYMBOLVM</strong></span> 
     </span>
     <span class='ocr_line' id='line_1_26' title="bbox 671 2961 687 3018; baseline 0 0"><span class='ocrx_word' id='word_1_163' title='bbox 671 2961 687 3018; x_wconf 96' lang='lat' dir='ltr'>I</span> 
     </span>
     <span class='ocr_line' id='line_1_27' title="bbox 122 3058 1001 3126; baseline -0.001 -2"><span class='ocrx_word' id='word_1_164' title='bbox 122 3075 173 3124; x_wconf 80' lang='lat'><strong>195</strong></span> <span class='ocrx_word' id='word_1_165' title='bbox 184 3058 344 3123; x_wconf 83' lang='lat' dir='ltr'><strong>Destituit</strong></span> <span class='ocrx_word' id='word_1_166' title='bbox 367 3079 478 3125; x_wconf 87' lang='lat' dir='ltr'><strong>omnes</strong></span> <span class='ocrx_word' id='word_1_167' title='bbox 500 3061 611 3124; x_wconf 73' lang='lat' dir='ltr'><strong>seruos</strong></span> <span class='ocrx_word' id='word_1_168' title='bbox 634 3060 674 3124; x_wconf 87' lang='lat' dir='ltr'><strong>ad</strong></span> <span class='ocrx_word' id='word_1_169' title='bbox 696 3081 839 3126; x_wconf 85' lang='lat' dir='ltr'><strong>mensam</strong></span> <span class='ocrx_word' id='word_1_170' title='bbox 862 3060 937 3126; x_wconf 78' lang='lat' dir='ltr'><strong>ante</strong></span> <span class='ocrx_word' id='word_1_171' title='bbox 959 3081 1001 3124; x_wconf 88' lang='lat' dir='ltr'><strong>se.</strong></span> 
     </span>
    </p>
   </div>
   <div class='ocr_carea' id='block_1_14' title="bbox 174 3179 1243 3658">
    <p class='ocr_par' dir='ltr' id='par_1_14' title="bbox 174 3179 1243 3658">
     <span class='ocr_line' id='line_1_28' title="bbox 245 3179 1190 3252; baseline 0 -18"><span class='ocrx_word' id='word_1_172' title='bbox 245 3179 354 3234; x_wconf 87' lang='lat' dir='ltr'><strong>Nonius</strong></span> <span class='ocrx_word' id='word_1_173' title='bbox 365 3186 425 3251; x_wconf 81' lang='lat'>280,</span> <span class='ocrx_word' id='word_1_174' title='bbox 437 3186 452 3234; x_wconf 83' lang='lat'>2</span> <span class='ocrx_word' id='word_1_175' title='bbox 469 3181 634 3235; x_wconf 85' lang='lat' dir='ltr'><strong>‘destitui</strong></span> <span class='ocrx_word' id='word_1_176' title='bbox 647 3180 856 3236; x_wconf 81' lang='lat' dir='ltr'><strong>rursumstatui</strong></span> <span class='ocrx_word' id='word_1_177' title='bbox 867 3225 872 3236; x_wconf 94' lang='lat'>.</span> <span class='ocrx_word' id='word_1_178' title='bbox 884 3223 890 3236; x_wconf 90' lang='lat'><strong>.</strong></span> <span class='ocrx_word' id='word_1_179' title='bbox 903 3181 920 3235; x_wconf 93' lang='lat'><strong>.’</strong></span> <span class='ocrx_word' id='word_1_180' title='bbox 938 3180 1087 3250; x_wconf 86' lang='lat' dir='ltr'><strong>(Coelius</strong></span> <span class='ocrx_word' id='word_1_181' title='bbox 1097 3181 1190 3252; x_wconf 88' lang='lat' dir='ltr'><strong>Bern.)</strong></span> 
     </span>
     <span class='ocr_line' id='line_1_29' title="bbox 247 3288 599 3343; baseline 0.011 -4"><span class='ocrx_word' id='word_1_182' title='bbox 247 3302 295 3340; x_wconf 84' lang='lat' dir='ltr'><strong>sex</strong></span> <span class='ocrx_word' id='word_1_183' title='bbox 313 3288 341 3340; x_wconf 91' lang='lat' dir='ltr'><em>B</em></span> <span class='ocrx_word' id='word_1_184' title='bbox 596 3336 599 3343; x_wconf 93' lang='lat'>.</span> 
     </span>
     <span class='ocr_line' id='line_1_30' title="bbox 663 3367 695 3425; baseline 0 0"><span class='ocrx_word' id='word_1_185' title='bbox 663 3367 695 3425; x_wconf 91' lang='lat' dir='ltr'><strong>H</strong></span> 
     </span>
     <span class='ocr_line' id='line_1_31' title="bbox 174 3465 1243 3554; baseline 0.002 -24"><span class='ocrx_word' id='word_1_186' title='bbox 174 3465 296 3530; x_wconf 83' lang='lat' dir='ltr'><strong>Audire</strong></span> <span class='ocrx_word' id='word_1_187' title='bbox 320 3466 425 3552; x_wconf 82' lang='lat' dir='ltr'><strong>ignoti</strong></span> <span class='ocrx_word' id='word_1_188' title='bbox 448 3489 547 3552; x_wconf 90' lang='lat' dir='ltr'><strong>quom</strong></span> <span class='ocrx_word' id='word_1_189' title='bbox 569 3467 731 3552; x_wconf 80' lang='lat' dir='ltr'><strong>imperant</strong></span> <span class='ocrx_word' id='word_1_190' title='bbox 753 3466 855 3554; x_wconf 69' lang='lat' dir='ltr'><strong>soleti,</strong></span> <span class='ocrx_word' id='word_1_191' title='bbox 877 3489 943 3533; x_wconf 91' lang='lat' dir='ltr'><strong>non</strong></span> <span class='ocrx_word' id='word_1_192' title='bbox 966 3469 1156 3533; x_wconf 76' lang='lat' dir='ltr'><strong>auscultare.</strong></span> <span class='ocrx_word' id='word_1_193' title='bbox 1241 3477 1243 3481; x_wconf 83' lang='grc'><strong>’</strong></span> 
     </span>
     <span class='ocr_line' id='line_1_32' title="bbox 244 3585 1189 3658; baseline 0.003 -17"><span class='ocrx_word' id='word_1_194' title='bbox 244 3585 354 3641; x_wconf 85' lang='lat' dir='ltr'><strong>Nonius</strong></span> <span class='ocrx_word' id='word_1_195' title='bbox 369 3593 440 3658; x_wconf 71' lang='lat' dir='ltr'><strong>alo,</strong></span> <span class='ocrx_word' id='word_1_196' title='bbox 461 3595 495 3643; x_wconf 81' lang='lat'><strong>14</strong></span> <span class='ocrx_word' id='word_1_197' title='bbox 524 3590 743 3646; x_wconf 81' lang='lat' dir='ltr'><strong>‘auscultare</strong></span> <span class='ocrx_word' id='word_1_198' title='bbox 771 3592 815 3644; x_wconf 85' lang='lat' dir='ltr'><strong>est</strong></span> <span class='ocrx_word' id='word_1_199' title='bbox 842 3587 1030 3657; x_wconf 86' lang='lat' dir='ltr'><strong>obsequi...</strong></span> <span class='ocrx_word' id='word_1_200' title='bbox 1050 3588 1189 3644; x_wconf 84' lang='lat' dir='ltr'><strong>Caecilius</strong></span> 
     </span>
    </p>
   </div>
   <div class='ocr_carea' id='block_1_15' title="bbox 0 0 1352 3946">
    <p class='ocr_par' dir='ltr' id='par_1_15' title="bbox 0 0 1352 3946">
     <span class='ocr_line' id='line_1_33' title="bbox 0 0 1352 3946; baseline 0 2"><span class='ocrx_word' id='word_1_201' title='bbox 0 0 1352 3946; x_wconf 95' lang='lat' dir='ltr'><strong> </strong></span> 
     </span>
    </p>
   </div>
  </div>
 </body>
</html>
