2674 3950
453 179 640 235 CATVLLVS
676 179 869 232 LENTVLVS
1105 177 1168 242 371

225 301 1170 422 mnmmmmmmaammnammamms

152 412 948 552 ttlldlhttl&titillantiastiterit
961 410 1171 551 sirtille

154 573 253 610 cruce
272 555 471 609 Laureolus'
488 571 511 608 e.
523 572 548 622 q.
560 571 581 610 s.
615 553 806 608 Tertullianus
827 553 889 607 adv.
902 552 1046 608 Valentia.
1063 559 1096 606 14
1117 551 1170 608 ‘ita

154 628 272 698 depulsa
295 643 351 695 quo
374 626 466 679 minus
490 628 621 695 pergeret
642 641 694 679 nec
717 625 826 678 habens
850 623 1030 693 superuolare
1052 640 1170 695 crucem,

153 697 373 838 iitiiri’goiloi'
397 697 464 766 quia
482 697 593 750 nullum
612 696 745 751 Catulli
767 694 971 750 Laureolum
988 695 1075 750 fuerit
1094 711 1171 748 exer-

647 900 678 957 ΙΙ

224 1003 397 1068 Suetonius
418 1001 517 1088 Salig.
537 1001 579 1065 57
605 1002 649 1065 ‘et
673 1021 745 1064 oum
770 1001 804 1064 in
822 999 981 1064 Laureolo
1004 1000 1114 1084 mimo,
1138 999 1173 1062 in

154 1133 218 1195 quo
241 1113 330 1174 actor
353 1109 535 1192 proripiens
554 1130 588 1172 se
606 1109 700 1172 ruina
718 1107 908 1194 sanguinem
927 1106 1040 1190 uomit,
1063 1105 1172 1190 plures

155 1217 365 1280 secundarum
385 1216 533 1278 certatim
553 1215 809 1299 experimentum
824 1215 903 1278 artis
919 1214 1040 1298 darent,
1060 1234 1172 1277 cruore

155 1345 269 1388 scaena
292 1321 490 1386 abundauit?

581 1504 747 1564 PHASMA

222 1624 383 1689 Iuvenalis
397 1623 478 1690 VIII
499 1625 562 1690 185
585 1624 796 1708 ‘consumptis
820 1623 936 1708 opibus
959 1644 1087 1707 uocem,
1110 1622 1172 1686 Da-

155 1733 313 1818 masippo,
336 1731 450 1796 locasti
475 1729 616 1818 Sipario‚
639 1732 816 1795 clamosum
840 1752 950 1817 ageres
974 1733 1011 1794 ut
1033 1729 1173 1794 Phasma

155 1837 296 1922 Catulli?
346 1838 445 1903 schol.
475 1838 603 1903 ‘nomen
632 1841 681 1902 est
708 1836 940 1922 mimographi,
973 1839 1005 1900 et
1033 1835 1172 1900 Phasma

152 1967 271 2012 nomen
295 1949 344 2011 est
366 1945 515 2010 fabulae?

488 2153 687 2226 INOERTVS
710 2163 839 2221 MIMVS

221 2281 383 2347 Iuvenalis
406 2282 487 2347 XIII
512 2284 574 2347 109
602 2284 688 2346 ‘nam
712 2305 785 2347 oum
808 2305 926 2370 magna
949 2283 1052 2346 malae
1076 2302 1173 2365 super

155 2394 205 2453 est
223 2389 355 2452 audacia
374 2411 496 2474 causae,
521 2389 670 2454 Creditur
693 2412 712 2452 a
734 2389 846 2453 multis
868 2389 993 2453 fiducia.
1035 2388 1172 2452 mimum

156 2497 224 2581 agit
258 2496 326 2580 ille,
363 2494 488 2558 Vrbani
526 2495 653 2579 qualem
690 2495 850 2581 fugitiuus
887 2518 996 2560 scurra
1031 2492 1172 2558 Catullj?

155 2602 254 2666 schol.
286 2602 376 2665 ‘talis
408 2605 457 2665 est
490 2601 576 2665 enim
608 2601 740 2685 mimus,
777 2602 834 2666 ubi
867 2623 978 2666 seruus
1010 2600 1171 2686 fugitiuus

155 2705 321 2774 dominum
345 2731 439 2772 suum
462 2706 584 2771 trahit.9

483 3018 844 3106 LENTVLVS

469 3229 472 3234 ·
539 3210 788 3270 ananienses

224 3331 442 3396 Tertullianus
471 3331 509 3395 de
537 3330 681 3415 pallio4
709 3329 775 3394 ‘sed
806 3333 838 3392 et
868 3329 924 3413 qui
955 3333 1029 3393 ante
1058 3329 1172 3414 Tiryu'-

158 3440 263 3503 thium
292 3440 467 3502 accesserat
493 3437 603 3524 pugil
630 3435 878 3502 Cleomachus
905 3439 979 3520 post
1003 3435 1172 3521 Olympiae

156 3568 229 3609 cum
266 3545 447 3610 incredibili
482 3548 609 3610 mutatu
642 3545 680 3610 de
712 3544 855 3608 masculo
888 3543 1049 3628 fluxisset,
1086 3544 1172 3608 intra

957 3649 1010 3702 24*
