2694 3952
541 194 571 247 1.
591 194 775 250 manuus
1100 198 1166 262 209

124 405 126 409 ,
147 354 210 426 [IV]
228 355 304 408 1dem
319 353 475 408 Simulante
563 356 592 408 ct
609 353 640 406 in
658 355 858 425 Emancipato:
878 359 1044 426 optandum'
1061 375 1084 413 e.
1100 376 1127 426 q.
1143 377 1166 414 s.

145 425 398 495 (esmancipato
417 354 551 481 H¹L²llii=
573 442 610 479 an
629 425 896 498 ecmancipatot)

611 594 698 652 XXII

145 693 216 779 <0>
240 696 337 778 quam
361 695 473 759 beatae
496 694 639 758 sce‘nicae
663 694 748 759 mihi
767 696 920 760 uidentur
942 697 1101 781 mdlieres,
1166 715 1220 763 100

128 799 235 878 Quae
257 800 364 885 idrgio
389 803 512 864 terrent
534 800 623 864 uiros
647 801 795 866 desdbito
820 806 852 866 et
874 803 1095 868 beniuolentia

216 921 325 976 Nonius
354 928 415 990 517,
438 929 471 976 1⁷
497 922 670 976 ‘desubito
802 923 935 978 Afranius
964 925 1163 995 Emancipato:

145 995 242 1062 quam’
263 1011 286 1047 c.
302 1011 328 1062 q.
344 1011 365 1048 1.

218 1107 231 1154 1
253 1103 366 1154 scentae
385 1101 412 1154 L
436 1103 530 1154 scente
551 1102 598 1156 Ba
621 1103 732 1154 scentce
752 1101 859 1156 Puni)
936 1101 1006 1155 mihi
1030 1101 1164 1156 uidentur

143 1173 324 1242 Beupmauus
340 1190 368 1240 p.
385 1169 418 1225 19
442 1171 575 1225 uidentur
594 1171 665 1225 mihi
684 1193 704 1225 ω
787 1178 802 1225 2
822 1175 928 1226 terrent
949 1175 1000 1243 (cel
1018 1175 1161 1243 torquent)

143 1242 220 1297 uiros
240 1243 370 1297 desubito
389 1245 418 1296 et
436 1241 631 1297 beniuolentia
648 1261 680 1297 u:
699 1243 824 1297 mulcent
840 1247 1002 1299 sententiam
1016 1247 1162 1313 eupleaisse

140 1321 217 1385 puto.
242 1317 271 1368 et
298 1313 493 1369 beniuolentia
519 1316 626 1368 torrent
652 1315 731 1382 (fient
754 1315 858 1384 Patet.)
885 1315 1016 1370 desubito
1039 1315 1115 1370 uiros
1139 1337 1161 1370 a

143 1387 175 1438 et
197 1385 328 1440 desubito
351 1385 545 1439 beniuolentia
568 1387 675 1439 terrent
697 1385 773 1439 uiros
796 1387 861 1440 otim
884 1387 1010 1442 dederam
1033 1404 1163 1442 caesenae

143 1458 280 1527 lepitimae
307 1459 440 1524 defectum
464 1458 637 1526 polysyllubo
662 1473 803 1511 eacusaus.
847 1456 939 1527 iurgio
967 1457 1161 1526 uiolentiaque

143 1530 249 1581 terrent
269 1527 399 1582 desubito
418 1527 494 1581 uiros
513 1529 688 1582 Passeratius
760 1530 845 1595 quam
863 1529 965 1582 beatae
985 1547 1005 1584 s.
1021 1529 1162 1583 Videntur

142 1598 274 1653 mulieres
304 1598 387 1667 mihi,
416 1615 488 1666 quae
516 1597 607 1668 iurgio
635 1599 673 1651 Et
699 1597 893 1653 beniuolentia
916 1601 1001 1654 urunt
1029 1599 1160 1654 desubito

143 1669 219 1723 uiros
237 1672 300 1725 Bue

599 1801 703 1860 XXIII

141 1883 260 1948 '01-
286 1883 372 1962 Quid
395 1885 535 1950 clamas?

214 2006 356 2064 Charisius
379 2025 405 2076 p.
422 2013 474 2060 214
497 2008 526 2061 P.
553 2008 585 2060 ‘0
610 2006 731 2061 dolentis
756 2009 811 2076 est,
839 2009 872 2060 ut
970 2007 1104 2061 Afranius
1130 2007 1161 2061 in

141 2077 340 2147 Emancipato:
365 2085 394 2132 o!
423 2077 492 2146 quid
510 2077 649 2133 clamas?’

213 2186 333 2240 Possunt
351 2187 434 2240 etium
452 2203 486 2240 ea
504 2187 591 2240 medic
609 2202 688 2240 uersu
705 2192 814 2255 sumpta
832 2202 886 2240 esse

601 2352 700 2411 XXIV

140 2454 208 2540 Au,
240 2455 288 2520 mi
315 2455 427 2520 homo!
474 2455 573 2518 immo
605 2454 718 2538 edepol
746 2455 806 2518 u6s
837 2476 1022 2538 supremum
1050 2457 1159 2518 meum

743 2560 972 2625 concelebratis
996 2560 1089 2623 diem.

213 2682 355 2736 Charisius
374 2701 401 2752 p.
418 2689 470 2736 214
488 2683 518 2738 P.
540 2683 616 2737 ‘au’

212 2807 251 2860 mi
274 2807 358 2861 homo
379 2809 419 2862 ed.
436 2826 480 2877 pa.
504 2771 692 2862 1i10moced.
779 2808 857 2862 Inter
875 2808 953 2887 duas·
965 2821 1098 2875 personas
1117 2807 1158 2861 sic

141 2881 331 2934 distribuenda
349 2887 375 2934 et
398 2881 559 2949 corripeuda
582 2895 636 2934 esse
659 2896 707 2946 au,
731 2880 771 2930 mi
794 2879 885 2933 homo.
911 2879 1031 2938 t1mmo
1055 2877 1155 2946 edepol

140 2966 205 3018 nos,
232 2968 252 3004 s.
271 2969 307 3004 m.
333 2949 555 3004 concelebrantis
580 2949 655 3003 diem
678 2952 815 3020 Berplcius
837 2950 966 3004 censebat.
1004 2950 1155 3002 Exclama-

140 3023 225 3075 tiouis
243 3039 357 3088 seusun,
377 3024 414 3075 ad
430 3039 507 3091 puceu
525 3023 664 3091 sequentia
682 3022 831 3075 necessario
846 3023 993 3089 pectinent,
1014 3021 1156 3075 Terentius

139 3093 246 3160 adelph.
261 3097 313 3146 336
332 3094 454 3147 1111111011

548 3241 747 3300 EPISTVLA

211 3357 338 3425 Supparo
366 3356 481 3410 indutus
509 3358 594 3428 (ΧΠ),
622 3356 653 3409 id
681 3359 724 3410 est
750 3355 875 3426 puellam
902 3355 1040 3410 mentiens
1068 3355 1153 3426 (XIV)

139 3427 306 3482 adulescens
327 3427 358 3480 in
377 3431 488 3482 amatae
507 3429 621 3482 domum
639 3427 764 3498 irrepsit,
789 3427 838 3481 ubi
858 3444 918 3482 sero
936 3426 1031 3481 nescio
1050 3426 1154 3496 quibus

138 3499 230 3554 turbis
244 3499 483 3554 intercedentibus
498 3499 661 3569 agnoscitur
675 3517 692 3553 a
706 3503 796 3553 matre
809 3498 891 3553 irata.
920 3499 953 3552 Id
968 3498 1042 3552 enim
1056 3501 1155 3553 narrat

138 3571 199 3625 fflia
217 3571 250 3626 fr.
265 3572 324 3626 XV.

193 3671 272 3712 Scaea.
286 3681 348 3720 poss.
362 3672 427 3712 Rom.
441 3671 521 3722 fragm.
535 3672 570 3713 cd.
584 3671 702 3711 amaron.
722 3670 755 3710 11.
959 3665 992 3712 14
