2674 3950
183 223 250 288 300
426 223 458 284 L.
478 221 689 277 POMPONIVS
708 219 951 275 BONONIENSIS

669 409 713 466 VI

604 511 686 594 quae
708 510 871 594 peditibus
893 508 1015 574 nubere

133 632 184 681 155
194 615 363 703 Poterant,
387 617 511 702 equites
534 619 664 701 sperant
686 639 827 701 spurcae.

258 738 367 792 Nonius
382 745 443 808 394,
454 745 488 792 15
505 740 673 807 ‘spurcum
692 737 834 808 significet
851 739 1005 792 obscenum
1019 741 1048 792 et
1061 738 1203 808 impurum

186 811 216 862 et
233 809 405 864 lutulentum
425 853 453 865 ..
470 853 475 864 .
495 809 666 878 Pomponius
685 809 859 866 Prostibnlo:
879 811 963 878 quae'
980 826 1045 878 eq.
1062 828 1082 866 s.

259 923 272 969 1
292 916 438 986 peditibus
459 933 506 970 ms.
524 917 683 971 Cocaobocr'
704 915 826 986 pedibus
847 937 868 986 φ
955 923 971 970 2
994 934 1051 970 non
1072 919 1207 986 poterant

186 990 238 1057 (cel
252 1005 409 1058 ¹numquam
427 988 533 1041 nubere
550 989 553 1060 l
569 989 712 1058 poterant)
731 1006 751 1043 cc

668 1192 727 1249 VH

187 1292 266 1371 Quis
294 1292 348 1358 hio
376 1294 449 1358 est?
492 1316 589 1377 quam
617 1293 729 1358 obrem
756 1294 809 1358 hic
836 1294 986 1380 prostat?
1027 1295 1145 1359 rictum
1174 1297 1209 1357 et
1266 1365 1270 1371 .

699 1400 808 1465 bibens
831 1423 905 1465 cum
928 1401 1094 1466 considero
1118 1439 1162 1446 —

259 1519 368 1574 Nonius
385 1527 476 1590 456‚1
500 1523 635 1576 ‘rictum
653 1523 776 1576 ferarum
795 1524 851 1577 diei
869 1524 979 1591 uolunt,
998 1541 1062 1578 cum
1079 1522 1203 1576 Titinius

108 1599 114 1611 '
188 1593 286 1645 auctor
314 1591 352 1646 eit
379 1593 466 1646 etiam
493 1593 614 1648 hominis
643 1594 700 1648 dici
728 1595 830 1649 debere
938 1595 1007 1650 item
1031 1593 1204 1664 Pomponius

186 1661 362 1719 Prostibulo:
382 1663 456 1732 quis'
473 1681 495 1719 e.
512 1683 537 1732 q.
554 1683 574 1718 e.

260 1771 323 1837 quis
342 1769 389 1824 hie
408 1773 452 1824 est
470 1773 522 1825 alii
537 1773 700 1840 praeferant
771 1772 817 1826 hic
836 1774 952 1828 alterum
969 1790 1105 1842 suprascr.
1121 1773 1148 1826 L

656 1975 732 2034 VIII

187 2073 297 2139 Idmne
329 2075 500 2139 abierunt?
545 2077 610 2140 idm
639 2099 706 2141 non
735 2077 898 2142 tundunt?
944 2077 1049 2142 itmne
1081 2098 1139 2163 ego
1171 2077 1205 2140 in

830 2173 902 2248 tuto
926 2184 1026 2248 satis?

186 2285 322 2370 Ndnqui
345 2286 398 2350 hic
427 2287 567 2371 restittit,
596 2288 652 2372 qui
674 2289 817 2354 nondum
841 2290 949 2354 leibees
971 2288 1078 2353 lirsrit
1100 2286 1206 2353 mihi?

258 2407 425 2476 Nonius18‚
442 2415 455 2461 1
476 2408 639 2463 ‘delirare
659 2412 703 2464 est
721 2411 756 2464 de
775 2413 851 2464 recto
871 2410 1018 2465 decedere:
1038 2410 1108 2464 lern’
1125 2409 1206 2479 (lire

187 2479 311 2548 BLMP)
336 2480 391 2533 ‘est
416 2482 512 2533 eutem
536 2480 613 2534 fosse
637 2484 728 2550 recta,
756 2499 829 2549 quae
855 2485 954 2535 contra
977 2498 1059 2550 egros
1082 2481 1205 2535 tuendos

189 2550 309 2617 ducitur,
329 2549 406 2604 etin
430 2569 515 2618 quem
533 2551 611 2621 uligo
630 2555 722 2606 terrae
742 2553 872 2607 decurrit.
909 2552 1080 2622 Pomponius
1098 2552 1205 2606 Prosti-

188 2622 269 2676 bulo:
290 2621 384 2675 iamne
404 2666 410 2676 .
427 2665 432 2676 .
449 2665 454 2675 .
471 2666 477 2677 .
496 2622 584 2677 mihi?
616 2622 647 2675 id
666 2627 721 2692 est,
741 2623 918 2678 confoderit’

261 2735 348 2798 lego
369 2728 480 2782 FH¹L
503 2745 555 2798 ego
580 2747 642 2782 sum
665 2729 825 2785 EH²PW
844 2731 938 2784 Vrblc.
954 2736 1006 2784 307
1096 2735 1206 2782 tnun-

188 2799 251 2868 quis
271 2820 292 2852 ω
346 2799 460 2854 restitut
477 2802 576 2869 scripsi
593 2799 701 2854 resistit
719 2822 740 2854 ω
760 2804 850 2855 restet
864 2803 982 2858 Bolbios
1036 2800 1133 2854 lerarit
1152 2801 1208 2856 W’

501 3021 635 3081 PYTHO
661 3021 891 3082 GORGONIVS

186 3207 216 3261 k.
260 3136 388 3261 Titrpllum
405 3136 464 3190 iam
479 3137 604 3208 Scaliger
623 3141 668 3192 sat
683 3138 870 3208 probabiliter
890 3138 1054 3208 explicavit:
1075 3139 1109 3194 cf.
1124 3139 1208 3192 Mun-

208 3226 252 3261 ms
270 3226 296 3276 p.
350 3253 355 3262 .
1045 3224 1049 3234 ’

186 3333 224 3398 Ὀ
248 3335 413 3400 hominem
436 3336 567 3400 beritum
573 3387 582 3421 ,
610 3358 674 3420 quo
698 3335 772 3400 illae
795 3337 1012 3421 peruenibunt
1035 3337 1183 3402 diuitiae!

259 3455 368 3509 Nonius
384 3461 444 3525 508,
458 3463 476 3510 4
492 3457 741 3526 ‘peruenibunt
775 3459 946 3528 Pomponius
959 3459 1107 3513 Pintone
1121 3457 1207 3513 Gor-

188 3526 306 3596 gonio:
324 3526 478 3580 hominem'
494 3544 517 3582 e.
533 3546 559 3596 q.
574 3547 594 3582 s.
615 3529 779 3598 (Pythone
794 3529 920 3600 Scaliger
966 3531 1122 3601 Gorgone
1141 3548 1160 3582 x

186 3598 411 3668 Pythogorgo
431 3597 502 3652 coni.
517 3599 658 3670 Hertzius)
