2670 3948
545 203 731 259 CAEClLIVS
750 202 881 259 STATIV
883 203 901 258 S

638 424 814 486 CHALCIA

226 573 228 581 ι
285 541 329 595 Fr.
344 541 358 595 Ι
376 541 496 596 fortasse
516 542 553 596 ad
572 540 692 596 eundem
710 557 806 595 senem
821 541 998 595 referendum
1012 543 1062 610 est,
1083 541 1117 595 de
1132 542 1232 610 quoin

214 611 381 682 cognomine
399 612 548 667 Menandri
571 611 671 666 fabula
688 616 813 667 Kalisia
836 612 907 666 haec
926 612 984 682 (III)
1008 611 1151 668 dicuntur:
1180 615 1232 668 cir

215 682 252 739 dr
277 681 380 754 γένοιτ’
407 684 525 748 ἐῶντος
552 684 727 754 ἀθλιώτερον
759 682 854 740 Οὐδὲν
881 683 1012 754 γέροντος
1039 683 1112 752 πλὴν
1139 682 1233 753 ἕτερος

214 752 304 826 γέρων
323 755 406 824 ἐρῶν·
460 777 474 818 ς
492 755 546 826 γὰρ
561 754 717 810 ἀπολαύειν
731 753 847 828 βούλεθ’
861 749 900 810 ὧν
915 751 1168 810 doctrinarum&
1181 755 1233 811 τὸν
1331 789 1332 816 r

214 823 326 898 χρόνον,
344 835 404 890 πῶς
422 821 503 889 οὗτος
522 827 573 880 οὐκ
593 823 648 880 ἔστ’
666 825 780 894 datico„
1331 825 1332 834 ’

717 975 734 1034 Ι

161 1053 195 1173 ἐξ
216 1076 275 1144 Sat
296 1075 351 1143 hic
373 1077 500 1142 uicinus
522 1077 589 1162 †se
612 1099 647 1142 as
669 1077 847 1162 peperisset
868 1075 997 1162 †uobis

286 1197 396 1252 Nonius
409 1203 471 1266 464,
487 1204 520 1251 22
541 1199 677 1267 ‘parere
701 1197 789 1252 etiam
811 1197 888 1253 uiros
911 1197 969 1252 dici
991 1214 1074 1267 posse
1093 1197 1233 1254 Caecilius

215 1271 314 1323 auctor
328 1272 372 1322 est
385 1267 520 1324 Chalciis:
540 1270 595 1323 sat’
612 1285 635 1324 e.
646 1287 673 1338 q.
684 1287 706 1324 s.
734 1269 853 1323 ‘dictum
865 1269 897 1322 id
910 1270 1065 1340 prudenter
1078 1272 1108 1324 et
1120 1272 1233 1325 mutua-

214 1342 276 1394 tum
303 1339 340 1393 ab
368 1339 503 1395 Homero:
536 1339 626 1409 αὐτὰρ
655 1344 782 1404 Γλαῦκος
810 1340 917 1396 ἔτικτεν
944 1339 1077 1411 ἀμύμονα
1104 1344 1234 1411 Βελλερο-

215 1407 344 1480 φόντην)
384 1410 548 1480 (Chalciis
568 1411 734 1481 Spengslius
758 1411 897 1466 Colchis
920 1411 988 1466 libri
1045 1411 1176 1466 dictum
1197 1412 1234 1466 id

214 1481 405 1550 prudenter
431 1485 465 1536 et
487 1484 680 1536 mutuatum
703 1483 857 1538 Grauertus
880 1482 963 1537 Ansl.
980 1488 1030 1536 111
1055 1483 1176 1537 datum
1198 1483 1235 1536 id

214 1552 385 1622 prudente
408 1555 600 1607 mutuatum
624 1553 691 1607 libri
746 1554 869 1609 datum.
901 1554 939 1608 Id
956 1553 1146 1624 prudenter
1163 1572 1234 1608 mu-

215 1624 362 1692 tuatum,
381 1625 415 1677 ut
433 1623 549 1678 datum
563 1623 680 1678 Caecilii
694 1627 776 1693 esset,
790 1624 917 1680 Bothius.
955 1625 1079 1680 datum.
1098 1625 1236 1680 Dictum

215 1693 251 1748 id
269 1695 458 1764 prudenter
477 1697 510 1749 et
527 1697 645 1750 natum
663 1695 838 1766 Spengelius.

288 1799 330 1855 ait
347 1799 395 1855 hic
414 1801 570 1858 θνοααλαο
592 1800 635 1856 ait
653 1802 796 1858 Berrtieios
851 1818 880 1856 ss
900 1817 948 1856 eas
966 1803 1111 1858 Bentleius
1134 1819 1164 1858 se
1181 1803 1235 1857 has

216 1871 280 1927 Βαι
298 1887 346 1925 eas
360 1873 402 1928 oet
416 1874 512 1926 sutem
525 1888 574 1926 eas
586 1874 741 1930 (ἕτααονιαο
759 1889 859 1927 saeuas
878 1875 920 1929 ccl
934 1889 1029 1928 seruas
1045 1875 1127 1930 latere
1137 1881 1235 1944 potest,

217 1958 293 1997 asses
318 1944 385 1998 olim
401 1945 501 2014 scripsi
587 1943 744 2014 peperisset
770 1946 869 2014 scripsi
895 1943 1001 2014 perisse
1030 1947 1153 2014 (perasse
1176 1947 1235 2016 Ba)

216 2015 246 2068 et
268 2034 290 2068 ω
317 2013 460 2084 peperisse
483 2014 574 2071 Aldus
596 2014 738 2085 peperisse
762 2031 777 2070 e
800 2016 944 2072 Bertisius
971 2033 998 2086 p.
1024 2032 1053 2070 se
1079 2017 1234 2073 θνααονλαε

269 2083 352 2139 uobis
370 2087 453 2141 initio
470 2103 565 2142 ααοαο
583 2103 634 2156 seq.
652 2086 805 2142 Gramrtus
825 2087 914 2142 bonos
932 2089 975 2144 οτλ
991 2087 1082 2142 bonas
1101 2089 1143 2143 rel
1160 2087 1234 2142 leuis

215 2157 258 2211 rel
275 2155 357 2210 bonis
377 2158 460 2212 tatere
478 2159 637 2214 dubitanter
653 2159 777 2228 suspicor

711 2307 743 2366 H

804 2391 963 2476 numquid
984 2391 1061 2458 ns'm
1083 2393 1169 2458 fores

163 2491 198 2540 20
217 2476 335 2543 Fecere
358 2477 480 2544 soniti?

289 2599 399 2654 Nonius
414 2605 479 2669 491,
494 2605 528 2654 25
554 2599 678 2654 ‘soniti
701 2602 730 2654 et
753 2617 824 2655 sonu
845 2618 896 2670 pro
921 2601 1029 2657 sonitus
1049 2604 1077 2658 et
1096 2618 1164 2656 sono
1182 2602 1237 2655 Pa-

219 2670 318 2725 cuuius
341 2671 503 2727 Duloreste:
532 2671 726 2740 quidnam...
742 2671 881 2726 Caecilius
905 2672 1037 2730 Calcis:
1064 2690 1131 2726 nam
1154 2671 1238 2741 quid-

200 2742 296 2814 'nam'
317 2758 340 2796 e.
356 2759 382 2809 q.
398 2759 419 2796 s.
456 2741 620 2811 (Chalciis
639 2741 750 2813 Junius)

292 2854 306 2902 1
325 2848 405 2904 aser
427 2865 489 2903 ονοι
510 2849 573 2903 Rue
594 2850 744 2919 septenarii
761 2857 871 2919 partem
896 2849 1033 2919 nimquid
1051 2866 1118 2904 nam
1136 2849 1155 2904 f.
1175 2849 1194 2903 f.
1215 2868 1237 2905 s.

218 2920 380 2976 coritarum
433 2918 650 2987 numquidnam
661 2921 816 2978 θνοαττλαο
828 2938 896 2976 nam
905 2921 1041 2990 quidnam
1050 2942 1072 2976 α
1085 2937 1153 2976 nam
1166 2920 1237 2989 quid

218 2991 349 3060 Bothios,
372 3005 430 3045 rrorr
452 2991 630 3059 inprobotwm
647 2992 804 3063 Sperpetr'c,
865 2995 986 3048 itamari
1004 2993 1061 3062 ipse
1081 2991 1238 3060 namquid

218 3061 277 3116 iam
294 3063 337 3117 oet
354 3078 421 3115 nam
439 3060 508 3129 quid
525 3077 601 3114 nunc
615 3063 769 3130 proposuit.
830 3065 905 3119 orrici
922 3065 1005 3118 stiam
1022 3063 1160 3132 numquid
1178 3063 1238 3117 ism

218 3134 260 3189 orl
277 3149 353 3187 nunc
372 3131 507 3201 quidnam
521 3133 611 3204 possit
663 3131 751 3186 fortes
770 3133 810 3187 W
878 3132 1005 3188 2fscere
1023 3134 1120 3190 BaW

629 3317 832 3379 CHRYSION

293 3431 450 3502 ‘Chrysion’
481 3434 576 3504 (immo
604 3433 759 3505 Crusion)
786 3451 844 3489 non
873 3433 904 3489 ‘C
959 3434 1028 3489 sius'
1059 3435 1239 3491 scribendum

177 3575 179 3580 Ι
220 3519 281 3558 esse
298 3503 382 3585 ‚udis
410 3504 576 3586 Spengelius
602 3524 630 3575 p.
651 3512 679 3562 6:
709 3505 743 3559 cf.
773 3505 827 3560 inc.
854 3505 911 3561 fab.
1007 3507 1054 3562 VI.
1096 3508 1129 3562 In
1156 3508 1238 3562 Anu-

219 3575 321 3646 phams
345 3573 480 3644 Chrysrde
504 3577 549 3647 (11)
572 3577 673 3633 habes:
701 3576 830 3646 τέτταρες
857 3574 884 3631 δ’
912 3575 1076 3648 αὐλητρίδες
1097 3577 1239 3650 Ἔχουσι
