2694 3952
563 210 593 264 u.
611 209 795 266 erasmus
1121 210 1189 277 245

93 397 96 401 ·
173 372 215 426 ael
234 372 394 440 suspectum
410 370 540 426 Barlaas:
560 371 631 425 illud
648 371 705 438 fait
721 387 784 426 caea
798 372 950 439 probarem.
971 369 1122 440 suspirimn
1138 371 1189 425 Al·
1257 395 1261 405 ·

174 444 246 498 diua
263 440 453 511 suspicionem
472 442 657 498 Nealeircliias
676 440 846 511 supplicium
865 441 1014 498 Madaicas
1081 441 1190 496 tradidi

173 515 360 568 Neata'rcla'ra
423 511 469 565 cui
488 512 609 582 suspicio
628 512 659 566 iu
676 529 721 566 me
739 513 811 567 iram
829 511 936 568 indidit
952 507 1097 568 elaeatae
1114 515 1188 569 aide-

173 592 228 640 twr,
248 583 294 638 cui
313 602 334 639 s.
350 583 436 638 Curts
456 583 536 637 dedit
553 585 585 638 ia
600 585 718 638 senariis
732 585 795 639 Bae
859 590 874 637 2
894 587 923 638 et
941 583 991 652 qui
1004 585 1191 641 Nealeirclu'ue

226 656 327 709 misere
342 655 497 723 Materiae,
512 656 575 710 Bae
592 671 673 708 mea
691 655 747 708 mei
761 656 803 710 ael
816 655 881 708 med
896 657 1053 712 Palmarias
1116 673 1192 710 nunc

173 729 217 780 est
234 729 276 782 ael
292 729 385 780 meast
403 743 489 780 causa
507 729 671 796 temptabam
734 726 873 780 exercitur
891 727 932 780 L¹

665 895 697 953 H

173 996 295 1061 Tamen
322 996 430 1060 {inimo
461 995 566 1061 ordire
594 997 724 1081 oportet
756 995 889 1060 minime
921 995 1053 1080 paululo
1081 996 1192 1082 (reru)

759 1101 935 1188 paullulum.

116 1291 118 1294 Ι
245 1222 354 1278 Nonius
372 1227 421 1290 39,
440 1227 475 1276 23
500 1223 626 1278 ‘ordire
649 1225 693 1278 est
714 1239 818 1292 ponere
847 1225 983 1292 (promere
1002 1225 1030 1293 x)
1058 1223 1191 1293 incipere.

174 1294 276 1350 Accius
384 1293 499 1348 ardibor
606 1293 741 1349 Afranius
768 1295 917 1364 Suspecta:
946 1296 1056 1348 tamcn'
1080 1311 1103 1350 e.
1123 1312 1149 1363 q.
1169 1313 1191 1350 s.

174 1365 294 1436 (ordiri
312 1365 468 1435 Ba²F²H¹l

246 1471 398 1526 aminimo
418 1473 478 1540 (am.
498 1473 605 1542 tamen)
623 1471 687 1527 Bae
768 1470 855 1525 ordiri
876 1471 1000 1526 F¹H¹L
1081 1474 1194 1541 oportet
1268 1459 1274 1474 ⁶

174 1543 291 1597 minime
310 1545 410 1612 scripsi
428 1545 540 1612 oportet
558 1559 603 1597 me
622 1547 676 1611 (me
696 1545 808 1612 oportet
826 1543 921 1598 Vrbia.
937 1546 1000 1613 307)
1019 1563 1040 1596 a
1105 1543 1193 1612 paula

173 1614 322 1684 paululum
347 1613 479 1684 (paulum
497 1614 537 1684 P)
559 1635 580 1668 a
602 1631 694 1684 pausa
714 1632 742 1684 p.
762 1615 882 1670 Balteus
904 1613 935 1668 in
957 1630 988 1668 re
1010 1613 1129 1684 paulula
1152 1617 1194 1670 ael

174 1703 234 1740 rem
251 1684 399 1755 paululam
416 1687 479 1740 Bae
532 1687 630 1738 tamen
649 1701 673 1738 a.
690 1701 714 1738 o.
730 1702 754 1740 0.
769 1684 856 1754 paulo
873 1685 992 1755 paulula
1009 1687 1051 1741 ael
1068 1685 1194 1754 tandem,

176 1757 276 1826 anime,
296 1774 321 1811 0.
337 1773 361 1812 0.
376 1755 407 1810 in
425 1773 455 1811 re
473 1756 592 1826 paulula
604 1759 780 1824 caesaraeae,
798 1759 830 1811 e'a
848 1758 948 1827 uastae
965 1757 1060 1810 anime
1074 1757 1194 1812 Bellias

172 1831 331 1899 praeiverat

567 1954 570 1960 ·
660 1925 712 1984 HI-

173 2027 357 2092 Perfdlsum
381 2030 413 2091 et
436 2025 493 2090 abs
516 2029 548 2090 te
572 2026 731 2091 cre‘ditum
754 2027 888 2091 numerd
910 2026 1009 2091 nimis
1195 2048 1248 2096 320

214 2134 217 2140 ⁸
247 2149 348 2203 Festus
370 2166 397 2220 p.
414 2153 466 2204 170
484 2147 521 2202 Μ.
544 2147 706 2218 ‘Panurgus
724 2148 866 2202 Antonius
887 2148 959 2202 haec
978 2147 1032 2204 ait:
1056 2163 1194 2201 numero

175 2219 294 2274 nimium
320 2219 390 2288 cito,
419 2218 548 2273 celeriter
571 2219 691 2273 nimium
714 2251 748 2260 —-
772 2252 806 2262 -
830 2219 964 2274 Afranius
989 2219 1020 2272 in
1044 2219 1193 2290 Suspectat

175 2291 330 2364 perfalsum
349 2291 447 2345 stubs
467 2293 496 2344 te
516 2307 539 2345 a.
551 2309 580 2346 n.
595 2290 689 2360 nimis,
708 2290 857 2346 celeriter!

661 2450 705 2508 IV

176 2551 255 2617 Noli
274 2573 313 2616 ex
332 2551 473 2615 stultius
491 2551 668 2615 multarum
687 2551 815 2616 credere
830 2573 898 2616 esse
918 2551 1061 2616 animum
1077 2573 1194 2615 meum.

248 2659 358 2726 Nonius
380 2677 441 2738 519,
462 2678 495 2726 18
518 2673 661 2726 ‘ueterum
683 2672 875 2727 memorabilis
900 2672 1019 2728 scientia
1041 2688 1196 2742 paucorum

176 2761 324 2799 numerum
346 2760 397 2813 pro
421 2743 503 2825 bonis
526 2743 664 2813 ponebat,
688 2744 814 2798 multos
837 2746 937 2798 contra
959 2744 1050 2798 malos
1070 2743 1195 2813 appella-

92 2821 109 2834 ”
177 2817 250 2870 bant
349 2814 482 2868 Aframus
502 2815 651 2884 Suspecta:
670 2815 741 2882 noli’
758 2831 781 2871 e.
797 2833 822 2884 q.
839 2833 860 2870 s.

249 2937 362 2976 censere
376 2924 406 2975 et
419 2920 552 2976 arbitrari
567 2929 631 2991 post
645 2893 770 2976 stultitia
784 2923 848 2977 add.
863 2921 910 2976 Ba'
928 2928 1022 2990 aperto
1040 2923 1196 2992 alassemate

671 3081 701 3138 V

239 3182 338 3246 uiden
363 3185 400 3246 tu
427 3182 535 3247 la‘uere
557 3183 700 3248 lacrimis
723 3183 776 3247 me
802 3186 895 3246 tuum
920 3181 1054 3267 collum,
1080 3182 1195 3266 pater?

238 3303 358 3386 'Nonius'
378 3309 439 3372 466,
458 3309 492 3358 29
514 3304 648 3358 ‘lauare
672 3321 735 3358 cum
758 3303 796 3358 sit
819 3304 912 3386 eluere
937 3306 966 3357 et
987 3301 1145 3384 emaculare
1166 3303 1196 3382 et

179 3392 259 3457 aquis
284 3375 399 3429 sordida
422 3391 552 3444 quaeque
576 3392 711 3456 purgare,
739 3378 893 3429 uetustatrs
909 3376 1074 3456 'auctoritas
1099 3375 1197 3442 posu1t

76 3519 79 3526 Ι
179 3450 266 3501 etiam
285 3446 419 3530 ,polluere
493 3489 521 3502 ..
550 3447 683 3501 Aframus
710 3447 860 3528 Suspecta3
887 3446 987 3500 urdcnt
1010 3445 1057 3498 ut’
1083 3461 1106 3499 e.
1126 3462 1152 3512 q.
1174 3461 1195 3499 s.

178 3523 375 3644 gafrrrgumrgrs
394 3517 551 3644 litalde&
570 3523 630 3644 62²4,
647 3524 680 3571 15
700 3518 833 3573 ‘lauere
852 3517 919 3572 rude
937 3519 1061 3572 tractum
1080 3517 1124 3570 est
1144 3559 1149 3571 .
1166 3557 1195 3570 ..

231 3606 312 3642 amus
352 3605 436 3658 uspec
475 3606 531 3646 :ur
552 3605 587 3642 en
627 3606 650 3644 e.
666 3607 692 3658 q.
708 3608 728 3644 s.
