2696 3946
444 248 446 252 .
464 195 614 252 Lvscrvs
632 195 843 251 LANVVINVS
1120 195 1163 260 97

145 359 276 412 Donatus
299 356 330 411 in
352 356 409 412 1.1.
430 356 536 438 ‘arguit
559 355 706 411 Terentius
733 355 810 425 quod
832 357 949 412 Luscius
976 358 1075 410 contra
1098 371 1165 411 con·

147 427 327 484 suetudinem
358 427 536 500 litigantium
567 426 760 482 defensionem
791 430 857 482 ante
885 427 1094 482 accusationem
1120 427 1164 481 in·

148 499 268 554 duxerit.
305 499 397 554 Huius
419 499 498 554 modi
521 498 596 553 enim
619 502 663 553 est
684 498 779 552 Luscii
807 502 1015 570 argumentum:
1043 498 1163 554 adule-

146 587 259 638 scens,
288 569 347 638 qui
373 587 444 625 rem
470 569 680 624 familiarem
702 570 744 624 ad
766 569 973 638 nequitiam’
999 569 1160 639 (‘nequitia'

146 641 304 710 Bentleius)
320 642 555 712 ‘prodegerat
574 657 707 695 seruum
725 639 838 694 mittit
856 641 898 695 ad
915 640 1027 712 patris
1045 658 1162 695 monu-

146 715 309 782 mentum,
326 711 416 780 quod
435 728 537 766 senex
556 711 625 766 sibi
643 713 744 765 uiuus
762 710 895 782 m'agnis
915 711 1037 782 epibus
1057 729 1162 781 appa-

147 786 301 852 reuerat,
320 785 358 837 ut
376 783 410 836 id
430 782 594 865 aperiret,
613 782 789 837 inlaturus
809 783 941 852 epulas,
961 799 1044 851 quas
1062 785 1163 852 peter

147 858 227 925 post
245 871 368 908 annum
387 855 554 908 decimum
580 857 723 908 cauerat
746 853 814 908 sibi
837 853 969 908 inferri.
1008 854 1066 907 sed
1090 869 1163 907 eum

148 943 279 996 agrum,
293 925 328 978 in
347 942 413 993 quo
431 927 683 980 monumentum
702 927 789 994 erat,
804 941 907 979 senex
923 924 1063 993 quidam
1081 941 1162 978 aua-

147 1015 205 1050 rus
233 997 274 1051 eb
303 996 528 1050 adulescente
556 998 692 1050 emerat.
730 1012 848 1050 seruus
872 995 913 1050 ad
939 994 1162 1065 aperiendum

146 1069 401 1122 monumentum
420 1066 552 1122 auxilio
571 1069 651 1121 usds
671 1067 763 1120 senis
781 1067 982 1120 thesaurum
1001 1082 1073 1120 cum
1089 1065 1162 1136 epi-

146 1139 241 1194 stola
258 1137 389 1193 ibidem
407 1137 569 1208 repperit.
607 1140 711 1192 senex
733 1137 932 1192 thesaurum
955 1140 1127 1206 tamquam
1146 1155 1163 1190 a

147 1207 1163 1349 :sltillet}luttlzlillltlltt{silletensis

396 1325 401 1335 ·
931 1323 938 1348 r

146 1352 242 1422 prior
256 1367 371 1421 senex,
386 1351 444 1420 qui
459 1367 576 1406 aurum
594 1350 736 1420 retinet,
752 1367 889 1405 causam
902 1366 996 1404 suam
1010 1348 1060 1404 sic
1075 1349 1162 1420 agit:

147 1422 378 1477 Athenienses
399 1421 665 1492 praedicem
692 1424 721 1475 et
747 1424 847 1475 cetera.
886 1420 964 1487 Quae
989 1423 1088 1475 contra
1112 1438 1162 1474 na-

146 1497 242 1549 turam
266 1493 390 1562 iurisque
413 1492 644 1548 consuetudinem
662 1492 757 1562 posita
776 1493 952 1562 argumenta’
978 1491 1096 1562 (‘arguit
1121 1493 1160 1546 et’

147 1563 303 1634 Bentleius)
333 1565 426 1619 ‘notat
449 1563 610 1632 Terentius,
636 1564 712 1632 quod
738 1563 788 1618 ille
817 1564 884 1617 ordo
911 1562 1006 1632 potior
1033 1566 1107 1632 erat,
1130 1565 1164 1617 ut

146 1635 314 1690 adulescens
332 1635 409 1706 prior
426 1637 595 1717 proponeret
614 1651 737 1704 causam,
756 1633 806 1702 qui
819 1633 925 1703 petitor
937 1633 1101 1688 inducitur.'
1122 1633 1162 1689 cf.

149 1705 296 1778 Θησαυρός
322 1705 532 1761 Anaxandndis
559 1705 709 1761 Archedici
737 1704 858 1760 Cratetis
889 1704 1024 1775 Dioxipi
1053 1704 1163 1775 Diphili

148 1777 309 1834 Menandri:
323 1795 391 1832 nam
400 1775 572 1832 Philemonis
587 1776 715 1831 fabulam
724 1776 841 1830 Plautus
854 1775 940 1831 vertit
949 1775 980 1830 in
989 1723 1160 1830 Trinummo.

148 1849 336 1903 Menandrum
352 1848 447 1903 Luscii
466 1850 609 1903 auctorem
627 1847 714 1901 fuisse
727 1846 884 1917 probabilis
900 1848 943 1901 est
957 1846 1080 1901 virorum
1095 1846 1159 1901 doc-

146 1923 242 1974 torum
268 1919 437 1975 coniectura.
479 1919 658 1975 denariorum
685 1917 807 1987 vestigia
830 1917 860 1971 in
883 1917 1042 1988 argumenti
1066 1935 1162 1973 narra-

147 1991 226 2046 tione
250 1990 367 2062 agnovit
384 1991 441 2046 Leo
460 2008 529 2046 mus.
549 1990 638 2044 Rhen.
659 1994 702 2058 38,
721 1995 781 2044 322.

146 2117 376 2203 Athenienses,
399 2117 521 2182 bellum
545 2138 618 2182 cum
641 2115 881 2182 Rhodiensibus
965 2177 968 2183 Δ

147 2223 244 2302 Quod
265 2224 365 2289 feerit
388 2224 467 2308 quid
490 2244 549 2310 ego
572 2223 626 2288 hic
648 2223 852 2308 praedicem?
874 2275 881 2287 .
906 2274 912 2288 .
937 2274 944 2286 .
969 2273 976 2287 .

220 2333 236 2381 2
255 2327 332 2396 quod
349 2326 436 2381 fuerit
454 2326 583 2400 <dudum
601 2327 705 2400 nobis>
725 2327 794 2396 quid
813 2343 836 2382 e.
853 2335 899 2397 p?
917 2329 1007 2399 suppl.
1027 2328 1163 2384 th'utzltc

145 2417 215 2455 auu.
231 2401 301 2469 phil.
322 2403 392 2455 1880
406 2416 437 2468 p.
457 2404 508 2453 812

430 2548 484 2607 nx
507 2547 693 2608 moneris
717 2522 906 2608 scennis

647 2663 663 2722 1

237 2773 406 2839 Terentius
437 2774 525 2839 haut.
549 2774 629 2859 prol.
655 2773 777 2838 30‘110
807 2773 862 2839 ille
890 2796 949 2859 pro
978 2796 1013 2839 se
1041 2773 1163 2839 dictum

35 2926 38 2931 -
146 2881 336 2968 existumet,
375 2880 437 2958 Qui
460 2903 563 2966 nuper
585 2881 662 2945 fecit
685 2901 779 2944 seruo
803 2879 944 2945 currenti
967 2881 1003 2944 in
1024 2879 1078 2944 uie
1101 2880 1163 2946 De—

146 2987 246 3052 ccsse'
270 2985 436 3075 (Dixisse
456 2985 576 3075 Bentl.)
601 2987 782 3072 populum:
805 3008 863 3051 cur
885 2987 997 3052 insano
1021 2987 1162 3052 seruiat?

146 3093 196 3158 De
221 3094 310 3159 illius
333 3094 474 3179 peccatis
496 3093 590 3179 plura
614 3094 706 3178 dicet,
729 3115 803 3157 cum
827 3092 917 3158 dabit
939 3091 1030 3158 Alias
1052 3115 1162 3180 nouas,

147 3201 210 3265 nisi
233 3201 331 3266 finem
354 3199 532 3265 maledictis
555 3199 654 3264 facit?

641 3347 672 3406 H

237 3449 407 3514 Terentius
428 3448 558 3514 Phorm.
579 3449 702 3534 prole
726 3448 805 3533 ‘qui'
829 3445 910 3535 (scil.
934 3451 1031 3534 poeta
1052 3449 1161 3536 uetus)

147 3555 208 3624 ‘ita
231 3556 368 3642 dictitat,
392 3578 471 3641 ques
492 3555 626 3620 antehac
644 3555 723 3619 fecit
740 3555 877 3619 fabulas'
897 3552 953 3642 (so.
969 3553 1163 3642 Terentius),

201 3670 282 3711 scaen.
296 3681 357 3718 poss.
371 3670 437 3712 Rom.
451 3671 533 3721 fragm.
546 3669 581 3710 ed.
595 3669 712 3710 Rmsncx.
728 3669 759 3710 Π,
985 3665 1000 3712 7
