2674 3950
467 209 627 266 oncruvs
646 210 824 266 nranarvs
1086 213 1152 278 355

106 395 108 398 ·
135 373 292 438 ceteraque,
312 385 384 437 quae
403 369 457 424 hoc
474 371 558 424 modo
576 370 719 426 dicuntur:
739 370 873 440 quoniam
888 389 905 425 a
919 371 1074 442 uocabulis,
1092 391 1149 427 non

134 459 151 496 a
170 441 256 495 uerbo
275 440 414 494 inclinata
435 443 507 495 sunt.
544 441 680 496 Laberius
703 441 733 495 in
751 441 850 512 mimo,
874 442 924 512 qui
943 443 1085 498 Salinator
1106 444 1151 498 ins

136 511 256 582 scriptus
275 515 326 582 est,
345 512 432 566 uerbo
451 511 505 566 hoc
523 511 566 566 ita
585 511 687 568 utiturz
705 515 773 566 non’
790 531 813 568 e.
829 531 855 582 q.
871 532 891 569 s.

206 619 325 690 annosa]
359 619 400 686 Of.
429 620 472 673 M.
497 620 629 674 Hertaius
660 621 753 690 expect.
779 621 876 690 philol.
903 622 968 676 clia
996 627 1029 674 13
1063 621 1150 676 anosa

24 684 27 690 ’
134 693 169 746 R.
185 692 319 746 Klotcias
340 706 467 758 pannosa
486 690 692 782 Studemumdus
710 693 777 746 coul.
798 692 934 748 Martiale
952 692 991 746 [Π
1011 697 1052 762 72,
1072 699 1103 752 3,

513 912 772 972 SATVRNALIA

134 1030 275 1096 botulus.
321 1031 418 1096 homo
441 1031 585 1096 leuenna.
1152 1033 1200 1099 80l

208 1151 316 1206 Gellius
334 1151 398 1207 XVI
422 1160 445 1221 7,
466 1159 497 1206 11
527 1153 677 1207 ‘Laberius
705 1196 736 1208 ..
758 1197 763 1209 .
788 1155 874 1222 atque
902 1153 971 1207 item
998 1153 1029 1206 in
1055 1153 1152 1224 mim0,

138 1223 187 1292 qui
207 1222 369 1277 Saturnalia
386 1222 537 1292 inscriptus
557 1227 613 1294 est,
636 1223 791 1278 botulum
814 1241 864 1294 pro
888 1223 1034 1278 sarcimine
1056 1225 1151 1294 appel-

137 1295 187 1363 lat,
207 1296 235 1348 et
253 1293 421 1348 hominem
439 1294 621 1348 leuennam
639 1312 689 1365 pro
708 1295 785 1350 leui'
806 1295 991 1366 (hortulum
1009 1295 1097 1350 Paris.

137 1365 315 1420 leuennem
334 1382 408 1434 susp.
423 1365 552 1436 Bothius)

566 1567 720 1628 SOYLAX

208 1686 336 1739 Eundem
358 1684 475 1738 mimum
501 1701 561 1740 esse
587 1701 670 1753 quem
694 1683 869 1739 Catularium
892 1684 994 1739 statuit
1017 1685 1142 1756 Scaliger

135 1773 187 1811 nec
206 1757 371 1812 adversatur
388 1755 559 1810 Bitschelius
582 1757 694 1826 Parerg.
714 1757 726 1809 Ι
746 1761 805 1810 158.
844 1755 884 1810 ef.
903 1756 1051 1810 Petronius
1070 1774 1092 1811 c.
1109 1763 1143 1811 64

132 1930 142 1950 .
186 1919 207 1950 .“
239 1929 250 1951 .
293 1929 303 1950 .
347 1882 553 1948 lubidinitate
576 1883 697 1947 labitur

205 2005 314 2059 uorsus
334 2011 396 2074 491,
415 2012 432 2059 4
458 1999 683 2059 ‘lubidinit'as
705 1991 756 2074 pro
780 2003 915 2058 lusione.
957 2004 1092 2059 Latera
1115 2005 1146 2058 a

136 2076 264 2146 Scylace:
282 2076 300 2132 l.
315 2075 345 2131 l.’
366 2075 498 2146 (Colace
517 2075 588 2132 coni.
604 2075 714 2145 Junius)

207 2181 381 2236 libidinitate
400 2183 447 2238 Ba
465 2185 558 2252 (etiam
575 2185 607 2238 iu
626 2185 765 2252 lemmate),
784 2183 825 2236 L¹

540 2403 752 2464 SEDIGITVS

143 2521 374 2588 Guindientem
397 2523 508 2607 aspexi
531 2501 670 2587 scrofam
718 2571 1044 2588 .......

211 2643 318 2698 Nonius
339 2649 403 2713 114,
423 2649 457 2697 29
483 2643 656 2714 ‘grunnire
683 2643 815 2697 dicuntur
839 2643 930 2713 porci,
958 2643 1035 2711 quod
1058 2658 1154 2696 eorum

138 2715 283 2786 proprium
301 2714 378 2770 uocis
398 2717 442 2769 est
461 2759 466 2770 .
483 2760 487 2770 .
504 2760 509 2770 .
529 2715 665 2769 Laberius
686 2715 716 2768 in
735 2714 902 2769 Sedicito:
921 2732 947 2783 g.
964 2731 988 2767 a.
1005 2715 1037 2768 s.’
1055 2725 1056 2728 ’
1075 2713 1153 2767 Idem

139 2794 230 2857 465‚1
253 2785 428 2857 ‘grundire
452 2803 515 2840 cum
539 2787 576 2840 sit
596 2785 707 2856 proprie
727 2802 820 2856 suum,
844 2789 877 2839 ut
893 2784 1029 2839 Laberius
1048 2783 1078 2837 in
1097 2784 1153 2838 Se-

142 2858 240 2914 dicit:
264 2857 462 2928 grundientem
485 2875 509 2912 a.
530 2859 563 2912 s.'
598 2857 768 2928 (Sedigito
792 2855 940 2928 Reatinus)
981 2855 1021 2910 cf.
1044 2854 1153 2909 Plinius

141 2949 168 2984 n.
183 2931 210 2984 h.
226 2930 265 2983 XI
279 2935 339 2983 244.

213 3035 410 3106 grundientem
429 3038 458 3089 et
479 3035 546 3106 Op.
562 3041 614 3089 465
687 3034 808 3088 scrofum
827 3035 873 3088 Ba
888 3052 917 3102 p.
932 3039 985 3088 465

561 3237 737 3299 SORORES

640 3363 656 3421 I

144 3464 216 3530 Hoc
238 3466 344 3530 uoluit
368 3465 506 3548 clipeum
530 3466 641 3528 contra
662 3463 790 3548 peluem
812 3463 924 3547 proici.

217 3587 326 3642 Nonius
351 3593 414 3656 196,
434 3593 468 3641 24
493 3586 636 3656 ‘clipeus
663 3584 774 3655 generis
801 3583 950 3639 masculini
974 3585 1156 3642 ...neutro

944 3675 997 3729 23*
