2670 3948
175 221 240 276 vnr
580 192 787 278 panormo

176 389 331 450 adsidente
351 389 384 448 in
402 389 572 470 theologeio
594 392 664 452 Iove
687 391 766 451 inter
784 391 950 451 Minervam
968 394 1000 451 et
1017 392 1193 453 Victoriam.

174 479 269 556 priori
292 479 393 538 versui
417 497 495 555 quae
525 481 711 556 subscriptae
735 482 839 539 extant
861 478 942 540 TOR
964 481 1083 540 litteras
1106 482 1132 541 si
1157 483 1193 540 li-

176 570 256 628 ceret
287 567 326 626 ad
358 568 559 644 supplendum
587 588 605 628 a
633 569 755 627 sinistra
785 571 871 644 parte
902 569 955 645 qui
984 569 1109 629 Herculi
1142 572 1192 631 ad-

176 655 295 733 positus
320 659 365 715 est
388 657 537 737 adhibere,
561 657 649 717 facile
673 657 825 735 integrum
848 655 934 717 fieret
955 676 1145 734 responsum:

480 757 637 824 Vltdrem?
665 763 763 822 virtus
788 781 809 823 e.
825 782 850 838 q.
865 782 888 824 s.

174 869 398 948 Argumentum
435 889 559 930 scaenae
595 870 793 947 probabiliter
824 871 973 932 divinavit
1004 873 1191 933 Froehnerus

174 959 282 1020 Philol.
307 959 413 1036 Suppl.
431 959 460 1017 V
483 962 535 1020 25.
581 956 679 1020 Occisi
707 959 851 1019 nimirum
878 961 916 1019 ab
943 961 1072 1021 Hercule
1097 960 1190 1038 Cycni

174 1047 247 1107 dum
265 1048 413 1108 ultionem
434 1047 532 1124 poscit
549 1047 630 1107 Mars
652 1050 748 1127 pater,
771 1049 928 1126 litigantes
951 1049 1078 1110 fulmine
1099 1051 1190 1110 misso

174 1137 290 1195 dirimit
316 1137 454 1213 Iuppiter
484 1127 535 1218 (cf.
561 1140 636 1199 scut.
659 1137 745 1197 Hero.
772 1140 836 1198 327
855 1131 942 1219 sqq).
991 1157 1070 1214 quae
1098 1139 1190 1198 inter-

173 1226 305 1302 pretatio
334 1245 402 1285 oum
430 1224 558 1300 quadret
588 1225 626 1284 ad
656 1226 813 1304 amussim,
846 1225 1008 1286 dolendum
1035 1246 1106 1287 sane
1135 1231 1189 1306 est,

174 1314 209 1374 de
233 1314 343 1374 Latina
370 1313 461 1371 huius
489 1314 661 1391 argumenti
688 1315 845 1393 tragoedia
871 1315 1034 1393 vestigium
1060 1317 1191 1375 alterum

176 1423 236 1464 non
260 1404 369 1462 extare.
410 1401 608 1478 Aeschyleam
633 1403 755 1478 quidem
777 1421 936 1479 personam
955 1402 1090 1478 Cycnum
1113 1405 1191 1463 teste

174 1491 377 1566 Aristophane
400 1509 462 1550 ran.
484 1493 548 1551 963
572 1491 724 1570 novimus,
755 1493 786 1551 et
808 1493 940 1551 veterem
962 1493 1085 1566 poetam
1107 1491 1191 1550 Lati-

175 1599 248 1638 num
273 1581 406 1657 arguunt
430 1579 554 1655 spondei
576 1579 700 1656 paribus
723 1579 843 1640 sedibus
866 1579 998 1638 admissi.

242 1665 375 1728 Omissas
393 1667 493 1728 nescio
512 1687 551 1727 an
569 1668 668 1727 futuri
686 1668 747 1729 sint
766 1668 819 1746 qui
839 1671 1006 1744 querantur
1024 1667 1093 1742 Syri
1112 1686 1189 1744 quae

173 1757 314 1816 feruntur
336 1756 509 1817 sententias.
555 1757 607 1816 sed
629 1758 709 1818 hunc
732 1777 840 1836 agrum
863 1777 940 1818 novo
964 1757 1120 1816 conamine
1143 1775 1189 1815 re·

171 1845 344 1922 pastinandi
373 1865 465 1905 causa
492 1846 577 1904 nulla
604 1846 670 1906 risa
697 1849 750 1907 ost.
802 1847 907 1924 itaque
934 1845 1068 1905 laborem
1099 1863 1189 1921 quem

171 1935 289 1995 iuvenis
307 1934 419 1995 umeris
438 1934 632 1995 debilioribus
650 1935 780 2014 inposui,
804 1938 871 1994 tum
889 1933 1000 2013 viginti
1020 1934 1083 1994 fere
1102 1932 1188 1992 annis

172 2023 321 2083 maturior
347 2024 446 2083 factus
474 2023 586 2083 iterum
613 2023 757 2101 sustinui,
786 2023 848 2083 iam
875 2024 942 2100 pari
970 2022 1068 2099 spatio
1097 2021 1188 2080 inter-

172 2112 263 2172 misso
288 2131 376 2172 senex
398 2113 502 2172 flabuo
527 2113 659 2191 saeculo,
689 2112 714 2171 si
741 2113 788 2172 his
814 2113 846 2171 in
870 2111 1042 2188 quisquiliis
1067 2129 1188 2187 operam

178 2219 351 2261 consumere
375 2201 467 2260 etiam
490 2201 615 2280 iuvabit,
639 2202 737 2260 laetus
760 2201 943 2261 transmitto.

242 2325 360 2385 Dabam
382 2325 490 2386 ultimo
515 2325 562 2386 die
587 2325 659 2385 anni
681 2323 1018 2386 MDOOOLXXXXVH.

1307 27 1312 168 1

1306 332 1312 472 ¹

1304 584 1312 933 ἐ

1305 2923 1308 3050 l
