2670 3948
163 201 205 264 72
493 200 678 256 CAECILIVS
698 199 849 254 STATIVS

161 363 209 428 Vt
231 363 383 428 de‘uomas
405 363 477 428 uolt
500 363 587 448 quod
608 363 689 429 foris
710 363 883 448 poliueris.
1167 379 1181 421 5

235 483 342 539 Gellius
361 485 388 539 ΙΙ
407 491 449 554 23,
470 491 502 538 11
531 486 654 554 ‘praeder
671 486 851 538 uenusiaiem
870 486 966 538 autern
983 500 1076 538 rerum
1095 487 1184 552 atque

162 557 314 610 uerborum
332 557 363 610 in
382 556 491 610 duobus
511 555 592 610 libris
610 572 790 624 nequaquam
807 555 953 626 parem'in
972 555 1026 609 hoc
1049 555 1188 624 equidem·

164 627 240 682 soleo
269 627 395 681 animum
421 628 579 696 adcendere,
607 627 683 696 quod
709 643 782 694 quae
808 627 963 680 Menander
987 625 1133 696 praeclare
1152 629 1185 681 ei

164 697 293 768 apposite
312 701 342 752 ei
359 699 452 754 facete
471 698 592 768 scripsii,
612 715 647 752 ea
666 697 804 752 Caecilius
823 713 859 751 ne
878 715 934 766 qua
952 697 1048 767 poluit
1066 697 1182 766 quidem

164 772 282 824 conclus
301 773 345 824 esi
364 786 502 838 enarrare,
521 769 571 823 sed
590 767 672 837 quasi
690 767 806 822 minime
823 769 973 838 probanda
990 769 1186 838 praeiermisii·

163 843 193 894 ei
216 840 275 894 alia
296 841 392 895 nescio
416 857 489 910 quae
512 839 627 894 mimica
648 839 805 894 inculcauii
828 842 858 894 ei
880 839 953 894 illud
977 840 1125 894 Menandri
1146 841 1181 894 de

162 911 225 966 uiia
247 912 394 966 hominum
416 911 511 967 media
536 914 679 980 sumptum
701 909 821 980 simplex
845 913 874 965 ei
891 927 990 965 uerum
1010 914 1039 965 ei
1057 911 1184 966 delecta-

162 982 221 1037 bile
246 983 341 1038 nescio
370 1000 426 1052 quo
453 985 539 1052 paolo
568 981 671 1036 omisit.
708 982 800 1036 Idem
827 981 917 1036 enim
945 981 1008 1036 ille
1036 982 1182 1036 maritus

163 1070 267 1108 senex
290 1071 363 1108 cum
387 1054 499 1108 aliero
523 1070 602 1107 sene
631 1052 748 1107 uicino
778 1053 984 1122 colloquens
1009 1054 1184 1108 eduxeris

162 1125 353 1196 locupletis
373 1124 572 1194 superbiam
591 1125 781 1193 deprecans
800 1125 885 1178 haec
905 1124 969 1180 aii:

271 1232 323 1303 ἔχω
343 1231 371 1287 δ’
393 1231 544 1301 ἐπίκληρον
563 1231 689 1302 Λάμιαν·
710 1232 762 1286 oia
781 1229 881 1301 εἴρηκά
899 1249 944 1286 σοι

269 1301 358 1371 τοῦτ’;
379 1298 429 1358 εἶτ’
452 1302 500 1372 ἄρ’
521 1301 596 1373 οὐχί;
615 1300 716 1371 κυρίαν
734 1311 784 1372 τῆς
803 1300 894 1366 οἰκίας

270 1376 393 1429 καὶτῶν
412 1375 506 1444 ἀγρῶν
524 1375 646 1429 καὶτῶν
664 1372 798 1428 ἁπάντων
818 1373 950 1442 ἄντικρυς

272 1445 383 1515 ἔχομεν,
397 1443 540 1514 Ἄπολλον,
559 1447 596 1508 ὡς
631 1449 743 1500 αλεπῶν
762 1446 967 1515 χαλεπώτατον.

271 1515 360 1570 ἅπασι
379 1514 405 1570 d’
429 1516 552 1586 ἀργαλέα
567 1467 649 1583 'oiim
669 1517 721 1570 oia
740 1515 801 1586 ἐμοὶ
820 1513 904 1588 μόνῳ,

270 1586 322 1680 αξῷ
340 1588 411 1711 {coiit
431 1591 547 1657 μᾶλλον,
566 1589 697 1658 θυγατρί.
718 1589 730 1648 l
748 1585 858 1657 πρᾶγμ’
880 1587 990 1656 ἄμαχον
1008 1586 1109 1656 λέγεις·

272 1677 302 1712 so
323 1660 395 1712 οδα.

165 1763 303 1820 Caecilius
322 1780 390 1818 uero
408 1764 462 1818 hoc
480 1763 512 1818 in
529 1763 592 1818 loco
610 1763 746 1818 ridiculus
765 1764 857 1834 magis
872 1781 957 1833 quam
970 1779 1109 1834 personae
1123 1763 1184 1832 issi,

164 1853 250 1904 quam
274 1835 430 1904 itacismi,
457 1837 540 1904 aptus
567 1837 652 1903 aique
679 1835 848 1890 conueniens
874 1835 968 1890 uideri
986 1835 1096 1890 maluit.
1135 1835 1183 1889 Sic

164 1907 240 1961 enim
257 1907 328 1960 haec
347 1905 483 1975 corrupit:
509 1906 559 1960 sed
577 1907 638 1961 iua’
659 1923 682 1962 e.
702 1925 729 1975 q.
749 1925 770 1961 s.
807 1906 916 1960 Nonius
936 1912 997 1976 233,
1019 1912 1033 1960 7
1055 1905 1187 1960 ‘anima

163 1996 274 2032 rursum
297 1977 383 2032 alitus
407 1977 463 2031 oris
490 1979 519 2031 ei
547 1977 617 2031 odor
636 2021 641 2033 .
658 2023 663 2032 .
681 2022 708 2032 ..
729 1977 881 2034 Caecilius:
911 1994 999 2046 quae
1027 1977 1184 2031 mihi...

167 2049 300 2104 anima?

237 2197 251 2244 1
271 2197 321 2245 ua!
341 2197 443 2260 rogas?
461 2191 560 2259 scripsi
579 2154 604 2259 d
620 2206 664 2244 me
683 2206 766 2260 rogas
786 2191 860 2246 Reii.
881 2208 968 2259 quam
988 2207 1103 2261 errogas
1123 2191 1185 2246 Vct.

165 2279 251 2330 quarn
269 2277 368 2330 erogas
387 2261 454 2332 Res.
473 2278 567 2329 quam,
586 2269 690 2330 rogas?
707 2279 785 2332 prop.
805 2264 896 2317 coruli.
916 2261 1005 2315 XXIX
1099 2267 1114 2314 2
1133 2261 1185 2330 qui

166 2331 239 2398 Quia
257 2333 374 2386 landem
392 2333 460 2402 ch.
480 2349 550 2400 quas
569 2331 619 2400 qui
637 2333 754 2387 landem
772 2333 847 2388 Ros.
903 2339 919 2386 3
939 2333 1038 2388 adsedi
1052 2333 1184 2388 Nouii&

166 2403 259 2458 adsedi
277 2404 304 2457 L
328 2402 442 2457 adsedit
460 2403 505 2458 Η1
524 2403 658 2474 assediqr
685 2421 718 2458 ao
737 2404 797 2458 sedi
818 2405 982 2460 Gulielmius
1089 2403 1186 2459 auium

166 2476 240 2530 Nou.
260 2496 281 2528 ω
355 2481 505 2528 becomes
526 2475 639 2531 Cobeius

651 2661 699 2720 HI

165 2761 297 2827 Placere
321 2761 446 2847 occepii
468 2762 624 2849 grauiter,
646 2766 721 2847 posi
745 2785 841 2846 quam
865 2764 1050 2827 emdrluasi.

238 2883 347 2938 Nonius
367 2888 432 2952 314,
453 2889 486 2938 18
514 2885 591 2937 ‘nam
617 2886 646 2938 ei
670 2883 827 2954 grauiter
852 2884 973 2937 mulium
997 2881 1184 2953 intellegitur.

167 2953 306 3010 Caecilius
325 2954 435 3010 Plocio:
454 2955 577 3024 placero'
598 2971 621 3010 e.
641 2973 667 3023 q.
688 2973 707 3008 s.
746 2955 913 3025 (Procilio
932 2954 1079 3025 BGH1P1)

168 3135 182 3186 t
239 3064 395 3116 emortuasi
413 3062 512 3130 scripsi
538 3063 679 3116 emortuas
701 3061 809 3116 ΒΘΗ
832 3063 961 3115 emortua
984 3061 1028 3115 Η1
1051 3063 1094 3114 esi
1111 3078 1186 3116 mor-

182 3149 221 3187 ua
239 3153 261 3202 φ
618 3145 621 3150 ·

655 3247 699 3305 IV

179 3345 309 3412 Sdleine
336 3347 453 3413 mulier
482 3348 605 3413 decimo
637 3370 745 3413 mense
777 3349 912 3432 parere?
941 3387 983 3395 -
1010 3347 1071 3414 Pol
1099 3351 1187 3414 nond

756 3476 894 3540 quoque,

116 3559 298 3627 165‘Eliem
321 3561 458 3644 septimo
483 3563 580 3646 a‘ique
604 3565 728 3628 octauo.
