2670 3948
554 176 760 256 Parasino
1114 199 1167 257 vn

143 389 245 448 pauca
272 370 382 429 habeo:
414 369 546 445 primum
578 369 687 428 calami
719 370 768 430 vel
800 387 907 445 operae
937 371 1070 448 lapsum,
1104 389 1164 447 quo

141 461 203 521 vol.
222 460 239 518 I
262 480 290 535 p.
305 459 365 517 VII
393 458 465 517 anni
490 477 633 518 numerus
656 458 752 517 falsus
778 459 863 518 1878
887 459 1013 538 legitur,
1042 459 1096 536 qui
1119 462 1165 519 est

142 551 247 627 1888;
280 551 347 606 tum
378 547 411 606 in
442 547 527 607 Accii
558 568 586 606 v.
607 549 648 606 37
678 545 848 606 seruitiis
881 541 955 627 (non
988 541 1163 630 seruitaa)

138 636 236 697 habet
259 637 297 714 L,
321 637 428 696 v.121
455 637 504 694 sit
532 635 627 712 quod
649 628 693 694 Hl
717 629 791 714 (non
813 627 885 717 11⁹),
912 639 975 698 263
1000 637 1057 696 uti
1080 641 1163 698 extat

140 727 176 784 in
192 725 265 804 cod.,
284 728 321 784 ut
339 725 371 783 in
389 725 545 801 proecdosi
563 727 748 785 notaveram.
777 723 905 800 denique
921 726 1040 802 Turpili
1058 726 1163 785 fabula

143 815 335 890 Epicleros
357 813 546 873 inscribenda
569 817 643 891 erat,
667 832 726 874 non
749 813 914 888 Epiclerua

208 903 253 961 At
274 902 379 962 auxit
401 903 627 980 tragicorum
645 901 789 978 reliquias
808 902 941 980 eleganti
959 921 1048 962 sensu
1067 923 1162 980 nuper

139 992 173 1050 L.
185 993 299 1051 HAvnr
318 982 436 1072 (Rarus
450 990 486 1049 de
503 989 606 1068 philol.
625 993 708 1051 1897
725 990 795 1048 XXI
813 1011 843 1067 p.
855 982 941 1072 159).
974 1010 1044 1050 nam
1060 991 1161 1052 Cicero

139 1081 176 1140 de
195 1081 318 1156 harusp.
334 1099 411 1156 resp.
428 1082 468 1140 39
489 1078 587 1140 Clodii
606 1079 762 1158 exagitans
780 1079 899 1158 flagitia
916 1099 985 1140 cum
1002 1080 1075 1140 haec
1093 1101 1161 1156 pro-

140 1169 261 1228 tulerit:
272 1164 302 1228 ‘a
314 1168 360 1228 dis
372 1168 494 1244 quidem
505 1167 727 1228 immortalibus
741 1186 818 1244 quae
829 1171 930 1244 potest
941 1167 1056 1228 homini
1064 1169 1162 1229 maior

139 1277 204 1318 esse
227 1277 327 1334 poena
349 1257 451 1317 furore
472 1259 564 1334 atque
584 1255 755 1316 dementia?
778 1257 837 1316 nisi
860 1257 937 1317 forte
960 1257 992 1316 in
1015 1259 1161 1335 tragoe-

25 1369 28 1376 ’
143 1347 217 1402 iliis
241 1365 313 1422 quos
337 1347 461 1405 vulnere
485 1365 520 1404 ac
539 1346 641 1405 dolore
665 1345 797 1420 corporis
820 1345 947 1405 cruciari
970 1349 1001 1405 et
1025 1347 1160 1406 consumi

145 1432 241 1510 videa,
271 1433 425 1511 graviores
452 1433 576 1492 deorum
604 1433 822 1493 immortalium
849 1434 909 1492 iras
939 1434 1038 1494 subire
1067 1453 1159 1511 quam

141 1521 225 1598 illos,
249 1521 302 1597 qui
325 1522 459 1580 furentes
483 1521 679 1599 inducuntur,
708 1523 808 1599 putas.
849 1542 910 1582 non
933 1526 1004 1582 sunt
1027 1523 1073 1581 illi
1096 1523 1158 1583 eiu-

137 1610 221 1668 latus
247 1613 278 1668 et
300 1609 432 1688 gemitus
451 1610 639 1670 Philoctetae
662 1614 726 1669 tam
748 1611 859 1689 miseri,
883 1630 1068 1688 quamquam
1087 1615 1159 1671 sunt

18 1709 19 1712 ’
138 1698 257 1775 acerbi,
285 1717 378 1774 quam
401 1699 455 1758 illa
478 1699 625 1759 exultatio
649 1699 843 1758 Athamantis
867 1702 897 1759 et
925 1719 1017 1776 quam
1042 1701 1160 1760 senium

18 1797 20 1818 ²
135 1786 377 1846 matricidamm.
410 1789 454 1866 tu,
474 1807 544 1847 cum
562 1787 686 1852 furiales
705 1788 736 1846 in
755 1787 944 1848 contionibus
958 1807 1045 1849 voces
1061 1789 1158 1848 mittis

135 1921 257 1935 .....
284 1877 351 1934 tum
377 1875 545 1954 bacchum,
573 1879 639 1935 tum
665 1877 753 1954 furia,
782 1879 848 1934 tum
876 1877 929 1936 das
959 1897 1009 1937 eas
1036 1897 1157 1956 poenas,

134 1983 219 2042 quae
239 1965 321 2024 solae
345 1967 417 2023 sunt
438 1965 595 2024 hominum
619 1965 723 2024 sceleri
742 1984 760 2024 a
779 1965 825 2024 dis
848 1965 1069 2025 immortalibus
1089 1986 1158 2026 con·

134 2054 277 2112 stitutae.
323 2073 394 2112 nam
422 2053 554 2130 corporis
583 2054 705 2130 quidem
732 2054 827 2114 nostri
856 2053 1014 2114 infirmitas
1044 2057 1157 2116 multos

18 2163 19 2166 ¹
136 2142 223 2202 subit
248 2160 335 2202 casus
358 2161 412 2218 per
434 2161 478 2221 se,
508 2142 636 2218 denique
664 2143 764 2218 ipsum
788 2161 895 2220 corpus
921 2143 1097 2204 tenuissima
1121 2145 1156 2204 de

136 2248 235 2291 causa
246 2249 334 2306 saepe
344 2231 508 2291 conficitur.
537 2231 683 2292 deorum
701 2232 777 2290 tela
795 2231 832 2293 in
851 2231 1044 2308 impiorum
1062 2252 1156 2293 men-

133 2320 242 2379 tibus
270 2320 286 2376 f
290 2314 463 2398 iguntur',
489 2320 563 2379 haec
591 2319 707 2378 ultima
723 2321 855 2380 numeris
879 2321 921 2380 sie
944 2322 1156 2398 comprehensa

332 2437 466 2502 Deorum
488 2445 550 2503 tela
573 2443 604 2502 in
628 2441 790 2520 impiorum
813 2439 964 2504 me'ntibus

332 2527 483 2610 Figirntur

139 2647 317 2726 tragoediae
331 2647 496 2707 vindicavit
509 2647 653 2708 Haustus.
680 2665 866 2724 quamquam
879 2649 1058 2708 Athamanti
1072 2648 1155 2708 Accii

132 2755 189 2796 cur
216 2736 395 2794 tribuantur
417 2756 471 2796 nec
498 2736 530 2794 in
557 2736 630 2812 ipsis
653 2736 752 2796 verbis
775 2755 868 2796 causa
890 2738 954 2796 ulla
978 2740 1099 2797 estnec
1122 2738 1154 2796 in

132 2826 318 2903 argumento
337 2824 457 2884 fabulae
476 2825 568 2903 illius,
590 2845 608 2884 a
627 2844 686 2901 quo
705 2825 840 2886 insaniae
858 2829 1045 2886 momentum
1062 2827 1151 2902 plane

136 2914 272 2973 alienum
295 2912 389 2971 fuisse
411 2913 494 2973 ridet
533 2959 539 2972 .

201 3002 277 3078 Ipsa
296 3020 402 3061 scaena
420 3002 538 3080 tragica
556 3003 800 3078 repraesentatur
817 3001 850 3060 in
868 3003 1040 3082 anaglypho
1055 3002 1152 3062 Arau-

136 3090 216 3150 sensi
246 3081 386 3171 (Gazette
415 3085 540 3150 arcbe'ol.
566 3091 641 3149 XIII
672 3111 701 3166 p.
724 3093 764 3150 66
794 3091 854 3149 tab.
875 3083 962 3172 XH):
994 3093 1151 3152 altercatio
1242 3152 1245 3160 ,

137 3178 283 3238 nimirum
312 3177 391 3238 inter
417 3179 576 3238 Herculem
609 3182 640 3238 et
666 3179 806 3258 Martem,
840 3198 968 3255 quorum
999 3181 1069 3241 huic
1102 3182 1152 3241 ad·

138 3267 272 3344 scriptus
296 3271 342 3326 est
365 3267 498 3328 senarius

341 3376 452 3441 Adesse
474 3382 604 3441 ultorem
627 3377 689 3441 ntti
711 3401 759 3442 me
783 3376 883 3442 credas
905 3383 965 3444 mei

134 3469 181 3530 illi
204 3471 335 3531 mutilus

341 3607 347 3621 .
372 3606 378 3616 .
403 3607 409 3620 .
432 3559 529 3619 virtus
552 3554 701 3636 nimquam
724 3555 831 3618 terreri
853 3563 954 3636 potest
