2674 3950
178 239 244 303 376
346 235 615 292 ANONYMORVM
633 235 813 292 MIMORVM
830 235 1027 302 RELIQVIAE

178 406 236 468 aut
259 401 357 466 etiam
379 399 594 485 pompilum
617 399 772 463 miniati
795 397 902 464 Iouis
928 399 1101 464 similem.
1125 451 1132 463 .
1157 451 1163 464 .
1191 451 1199 465 .

177 514 216 574 tu
238 530 316 573 uero
341 559 348 572 .
372 558 379 571 .
404 559 410 572 .
435 507 475 571 ad
500 505 787 590 tyrotarichum
810 507 981 590 antiquum
1003 506 1072 570 redi
1096 557 1102 570 .
1127 557 1133 570 .
1158 557 1164 570 .
1191 558 1198 572 .

179 615 256 680 salis
279 614 366 678 enim
388 613 467 678 satis
491 617 548 698 cst,
571 613 800 678 sannionum
823 613 960 697 parum'
998 611 1045 678 cf.
1064 611 1150 676 XIV.

250 751 364 823 Repetii
386 753 493 822 locum,
516 751 646 820 quamvis
666 769 837 822 magnopere
857 751 984 806 dubitem
1002 769 1071 805 num
1089 753 1198 804 certum

178 825 297 879 mimum
319 823 474 894 respexerit
497 823 606 879 Cicero:
634 823 719 876 nihili
744 827 788 877 est
810 822 949 877 Krabneri
976 823 1139 877 coniectura
1165 822 1198 876 in

179 897 289 966 epham.
308 895 398 949 Marb.
419 901 487 948 1852
515 913 542 963 p.
558 900 610 948 396
631 913 689 962 sqq.
715 894 841 964 prolata,
869 894 1055 964 Popilium,
1083 895 1197 947 Dena-

178 967 279 1036 rium,
297 965 519 1036 Tyrotarichi
537 965 693 1034 patinam
711 966 874 1020 exodiorum
887 964 1086 1034 (Accianorum
1100 965 1198 1035 adeol)

179 1038 296 1093 nomina
311 1054 384 1092 esse:
403 1037 541 1106 ultimam,
562 1036 620 1090 scil.
634 1037 803 1106 tyrotarichi
818 1036 947 1106 patinam
960 1036 1104 1090 Dieterich
1118 1036 1199 1090 Pulc.

181 1117 223 1164 75.
244 1115 295 1163 109
318 1111 444 1162 saturam
466 1107 677 1176 interpretatur.
716 1107 844 1162 Ceterum
863 1108 897 1162 cf.
918 1108 954 1161 ad
973 1109 1032 1162 Att.
1050 1109 1090 1162 IV
1109 1113 1156 1176 Ba,
1172 1113 1197 1162 1.

179 1181 245 1236 XIV
265 1187 346 1250 16,1.
384 1179 572 1248 pompilum
589 1178 714 1233 Rutilius
733 1179 820 1248 (idem
837 1179 912 1232 infra
930 1179 1042 1248 scripsi,
1066 1178 1116 1232 ubi
1137 1195 1198 1247 po-

179 1253 296 1322 lypum
315 1251 400 1321 Med.)
427 1249 615 1320 popillium
632 1251 706 1306 Med.
732 1251 894 1320 polypum
914 1249 1051 1304 Corradus
1079 1249 1198 1320 popel-

179 1324 248 1377 lum
267 1323 326 1376 Buc
381 1321 605 1391 thynnarium
623 1321 748 1375 Rutilius
766 1322 980 1389 (cantharum
999 1321 1199 1376 Mendelssohn

178 1394 331 1450 naritam
348 1393 392 1447 Fr.
408 1393 538 1463 Schoell).
571 1393 659 1448 Immo
678 1410 713 1446 ne
732 1411 820 1446 unum
838 1392 953 1461 quidem
972 1392 1148 1447 denarium
1167 1409 1200 1447 se

179 1467 210 1520 in
230 1466 288 1520 olla
306 1465 412 1519 habere
434 1463 607 1518 lamentatus
631 1468 692 1518 crat
710 1464 813 1518 Paetus
833 1464 877 1532 (cf.
894 1461 942 1532 18,
950 1465 986 1532 4).
1051 1463 1198 1518 miniani

179 1537 250 1607 cod,
270 1554 340 1591 corr.
359 1535 527 1591 Lambinus:
546 1538 626 1589 tenet
643 1535 716 1588 illud
734 1535 942 1598 Mendelssohn.

664 1739 712 1798 HI

248 1839 359 1905 Cicero
382 1840 466 1906 Phil.
492 1839 525 1906 Π
551 1840 664 1926 11,θὸ
693 1840 745 1904 ‘in
772 1841 840 1904 eius
868 1808 970 1926 igitur
996 1841 1059 1906 uiri
1088 1840 1199 1924 copias

112 2032 117 2043 ι
179 1972 253 2014 cum
282 1971 316 2012 se
344 1948 453 2012 subito
481 1947 727 2034 ingurgitasset,
756 1947 922 2012 exultabat
951 1948 1083 2035 gaudio,
1114 1969 1199 2032 per-

179 2077 273 2120 sona
302 2055 344 2118 de
371 2056 499 2119 mimo:
527 2053 637 2118 modo
665 2075 793 2140 egens,
820 2057 978 2139 repente
1007 2053 1134 2118 diues?

252 2193 292 2248 of.
313 2193 409 2248 Cicero
427 2209 478 2262 pro
498 2191 630 2258 Quinctio
650 2198 693 2259 17,
708 2198 742 2246 55
764 2193 857 2246 ‘uetus
877 2195 921 2246 est
939 2193 974 2246 de
994 2209 1089 2247 scurra
1106 2191 1200 2246 multo

178 2264 294 2320 facilius
314 2264 434 2319 diuitem
452 2281 538 2332 quam
555 2267 665 2333 patrem
683 2263 807 2317 familias
826 2263 887 2317 fieri
909 2265 1011 2333 posse!
1048 2262 1201 2318 Petronius

181 2355 204 2392 c.
220 2341 268 2393 80:

291 2408 370 2476 ‘grex
390 2405 451 2476 agit
469 2405 500 2458 in
519 2422 621 2460 scaena
639 2405 768 2461 mimum:
787 2407 886 2474 pater
904 2405 953 2460 ille
971 2408 1098 2475 uocatur,

323 2477 425 2530 filius
444 2476 498 2546 bic,
517 2493 620 2530 nomen
639 2477 763 2530 diuitis
782 2475 832 2530 ille
850 2479 936 2532 tenet.

286 2566 352 2603 mox
370 2547 421 2602 ubi
439 2548 573 2602 ridendas
591 2547 707 2602 inclusit
724 2547 831 2618 pagina
848 2551 957 2616 partes,

323 2636 391 2674 uera
410 2619 485 2674 redit
502 2619 604 2688 facies,
624 2620 691 2672 dum
709 2619 844 2672 simulata
861 2619 955 2689 perit'

180 2710 223 2780 (In
246 2727 272 2762 v.
292 2715 308 2761 3
331 2725 382 2778 pro
405 2707 534 2778 pagina
558 2711 687 2776 expectes
711 2707 866 2778 capsula:
890 2709 1099 2778 reponebantur
1122 2707 1199 2762 enim

179 2780 210 2834 in
229 2779 347 2848 capsula
366 2779 489 2849 chartae,
510 2796 582 2848 quae
601 2778 720 2848 scriptas
738 2782 834 2848 partes
854 2780 1034 2848 exhibebant,
1054 2797 1118 2834 eum
1135 2795 1200 2849 per-

179 2854 246 2906 acta
264 2850 364 2904 fabula
382 2853 464 2905 esset.
501 2850 661 2904 machina
679 2850 712 2905 ci.
728 2851 787 2905 Bue
804 2851 950 2921 pergula
968 2851 1064 2906 nescio
1082 2849 1156 2920 quis)

666 3071 710 3129 IV

250 3173 361 3238 Cicero
388 3195 448 3257 pro
473 3172 582 3237 Caelio
608 3173 660 3258 27,
684 3173 728 3236 64
756 3173 857 3238 ‘uelut
884 3173 963 3238 haec
991 3178 1061 3240 tota
1088 3173 1203 3238 fabula

181 3280 302 3344 ueteris
330 3283 362 3344 et
391 3280 605 3363 plurimarum
636 3278 820 3342 fabularum
849 3281 992 3364 poetriae
1023 3303 1120 3364 quam
1150 3284 1203 3344 est

181 3387 250 3450 sine
274 3388 478 3471 argumento!
508 3409 604 3470 quam
623 3386 749 3450 nullum
768 3386 912 3452 inuenire
931 3387 1054 3452 exitum
1077 3389 1202 3472 potest!
1316 3405 1317 3410 ’

182 3543 215 3558 ..
239 3543 245 3556 .
269 3491 374 3556 mimi
398 3513 475 3577 ergo
495 3493 626 3556 ostiam
648 3493 790 3577 exitus,
813 3515 879 3558 non
897 3493 1039 3559 fabulae:
1062 3493 1100 3557 in
1125 3515 1200 3577 quo

181 3620 264 3662 cum
297 3598 471 3662 clausula
504 3619 580 3662 non
617 3598 833 3683 inuenitur,
868 3600 972 3684 fugit
1004 3599 1149 3682 aliquis
1182 3621 1200 3664 e
