2694 3952
388 210 418 266 L.
438 209 649 266 POMPONIVS
668 210 913 267 BONONIENSIS
1093 213 1157 277 281

144 372 288 438 'lennem
312 377 344 438 et
367 374 527 438 tinnulam
574 421 847 438 ......
870 408 872 413 v
894 425 1114 440 .....

143 477 264 545 'Etiam
286 502 372 545 nuno
393 483 507 546 noee'm
531 479 707 545 deducam?
1179 498 1213 546 60

215 601 375 656 Macrobius
395 603 452 656 Sat.
467 603 507 657 VI
524 609 551 670 4,
567 607 599 656 13
620 601 781 656 ‘deducta
803 618 886 657 uooe
912 646 939 658 ..
965 603 1014 657 sed
1032 603 1103 658 haee
1122 604 1158 658 ab

143 673 195 737 illo
218 673 370 741 fluxerunt,
394 673 470 742 quod
492 673 664 743 Pomponius
687 673 717 726 in
739 673 897 742 Atellania,
921 691 994 742 quae
1012 674 1159 729 Kalendae

144 744 266 798 Martiae
283 743 460 814 inscribitur,
485 744 538 801 ait:
558 761 675 798 uocem
695 789 700 799 .
717 789 722 800 .
740 789 745 799 .
764 745 938 799 tinnulam
957 748 986 800 et
1001 745 1076 800 infra
1096 747 1157 818 [4].’

145 815 185 870 cf.
205 815 338 870 Munkius
356 834 383 886 p.
399 823 433 870 49
449 833 489 884 sq.

217 927 231 975 1
247 921 399 976 uideantur
411 921 537 976 mulieris
551 923 672 978 Bothius
685 920 810 976 mulieris
825 921 977 977 uideantur
990 945 1011 977 ω
1062 929 1078 976 2
1092 922 1159 977 iube

143 993 377 1140 sadud
397 995 597 1118 tttlmplta
614 993 1160 1146 retardasset-sasas

144 1153 178 1191 ao
195 1153 230 1191 aa
246 1153 322 1190 aurae
341 1137 449 1206 quidem
462 1138 586 1206 paradeo
642 1152 694 1206 ego
713 1152 812 1190 uooem
829 1136 884 1190 t1b1
902 1136 1031 1190 Reddam
1048 1139 1068 1191 t.
1089 1139 1118 1190 et
1135 1139 1156 1192 t.

144 1208 288 1262 Bentleias
314 1209 429 1261 tenuem
454 1209 483 1261 et
509 1206 651 1260 tinnulam
673 1205 779 1260 Vooem
802 1223 855 1277 ego
881 1207 998 1261 reddam
1021 1209 1159 1263 Maelius

203 1279 288 1334 Valde
312 1280 437 1334 arrideat
458 1280 634 1349 eloquentiores
656 1279 817 1334 Buechelera'
840 1296 933 1334 versus
956 1281 1054 1333 udoem
1078 1279 1104 1334 d.
1125 1296 1159 1348 o.‚

144 1351 177 1402 dt
199 1349 331 1403 uideatur
352 1348 486 1404 mdlieris.
512 1351 525 1405 l
546 1349 615 1404 Iube
638 1349 722 1403 modo
742 1349 887 1403 adferatur
904 1367 1018 1419 munus,
1042 1351 1161 1404 reddam

145 1437 197 1490 ego
221 1422 348 1474 teneram
371 1423 399 1474 et
421 1419 569 1475 tinnulam.
607 1421 716 1475 Deinde
737 1422 823 1474 anius
845 1422 989 1476 minimaeve
1009 1438 1101 1478 ossas
1120 1423 1160 1476 lo·

144 1509 245 1548 eunom
262 1509 316 1548 esse
334 1508 425 1547 censeo
505 1498 523 1546 4
541 1493 737 1562 Interroqaada'
754 1498 849 1547 aotam
862 1494 947 1561 posui

482 1659 564 1718 ΕΑΒ
585 1658 820 1718 FAMILIARIS

145 1830 152 1842 .
177 1830 183 1843 .
208 1801 264 1844 oro
289 1783 335 1866 te,
358 1778 451 1863 udso,
473 1799 531 1864 per
553 1778 653 1842 laote‘s
675 1783 748 1842 tuas

215 1899 376 1954 Prisoianus
390 1918 417 1970 p.
429 1905 481 1954 686
494 1899 525 1954 Ρ.
546 1899 623 1954 ‘hae
641 1899 753 1954 lactes
771 1901 867 1968 partes
882 1901 948 1953 sunt
961 1899 1161 1954 intestinorum

145 1987 163 2025 a
182 1971 288 2026 Graeco
311 1969 476 2041 γαλακτίᾶες
495 1969 602 2041 diotae,
626 1973 655 2025 et
679 1972 863 2024 seruauerunt
881 1971 957 2040 apud
977 1988 1029 2025 nos
1048 1988 1160 2040 quoque

144 2041 221 2096 idem
259 2059 336 2111 enus,
356 2042 434 2096 ouius
454 2041 596 2112 singulare
614 2042 686 2096 haec
704 2041 787 2096 laetis
807 2044 851 2096 est
870 2085 876 2097 .
892 2085 898 2096 .
915 2085 920 2096 .
940 2042 1111 2112 Pomponius
1130 2043 1160 2096 in

144 2113 216 2167 Lare
235 2060 382 2168 iamiliari:
403 2115 462 2168 oro’
479 2130 501 2169 e.
517 2131 543 2182 q.
559 2131 580 2168 s.

216 2221 246 2272 te
265 2235 313 2274 oro
333 2241 367 2289 a,
390 2223 549 2290 transposui
620 2230 702 2288 uaso,
726 2220 745 2274 a'.
765 2236 786 2274 e.
805 2213 905 2272 uasate
927 2221 1026 2290 scripsi
1047 2220 1118 2274 baso
1136 2231 1160 2290 ψ

145 2325 251 2384 baffiso
274 2327 361 2382 Barb.
384 2325 469 2380 basso
492 2325 575 2397 Sauo.
599 2301 688 2384 bas}
710 2329 736 2396 (e
758 2343 826 2381 eras.
845 2333 877 2382 at
899 2328 966 2396 oid.)
987 2327 1067 2382 Grai.
1091 2327 1160 2380 base

146 2397 212 2468 Ray.
231 2396 315 2450 basse
333 2418 349 2467 χ
368 2396 451 2450 basse
468 2399 510 2452 oet
527 2397 614 2450 Basse
632 2400 713 2468 oulqo
731 2397 826 2466 Basse,
846 2396 995 2471 (quaeso)
1013 2399 1076 2460 Bae

599 2563 707 2623 LENO

123 2645 283 2712 ·Gdseum
307 2647 405 2712 molle

219 2758 362 2814 Charisius
383 2777 410 2828 p.
426 2764 461 2812 60
479 2755 508 2812 Ρ.
530 2759 662 2813 ‘caseus
680 2761 830 2815 masculini
847 2763 958 2832 generis
978 2765 1021 2816 est
1040 2804 1046 2816 .
1063 2803 1090 2816 ..
1111 2761 1160 2815 sed

146 2829 317 2901 Pomponius
335 2829 502 2884 neutraliter
521 2829 594 2884 dixit
611 2830 642 2883 in
659 2831 784 2890 Lenone:
809 2849 922 2888 caseum
939 2832 1044 2888 molle.’
1082 2833 1161 2886 Beda

148 2902 183 2956 de
199 2902 321 2972 orthogr.
337 2901 405 2957 CGL
420 2901 471 2955 VH
486 2907 537 2956 266
551 2901 585 2957 K.
607 2902 715 2956 ‘caseus
736 2947 741 2958 .
758 2947 763 2959 .
781 2949 786 2960 .
805 2904 976 2974 Pomponius
994 2903 1161 2959 neutraliter

146 2973 231 3029 dixit:
251 2990 364 3028 caseum
381 2971 486 3028 mollo.'

573 3105 731 3166 MAOGVS

218 3213 258 3269 df.
278 3213 427 3269 Ritsohelii
445 3215 557 3285 Parerg.
577 3215 590 3268 I
610 3220 660 3268 133
675 3231 716 3282 sq.

646 3365 662 3424 I

147 3465 233 3544 Quid
257 3466 403 3530 futurum
429 3469 491 3551 est,
518 3466 550 3530 si
573 3465 630 3550 pol
656 3465 739 3531 hano
762 3487 822 3552 ego
846 3465 967 3532 dissere
990 3471 1092 3533 artem
1115 3472 1161 3533 at-

893 3573 1073 3640 tenderim?
