2694 3952
176 211 242 276 284
421 213 451 267 L.
470 211 682 268 POMPONTVS
700 211 946 268 BONONIENSIS

666 381 698 440 II

126 499 157 547 73
179 479 260 546 Cum
284 482 512 548 contubernale
533 483 691 569 pugnaui,
717 483 793 567 quia
815 483 919 548 merim
943 503 1055 546 cenam
1079 531 1086 548 .
1109 533 1118 569 .
1140 532 1148 548 .

249 603 392 658 Charisius
415 621 442 673 p.
458 609 492 658 99
511 603 541 658 Ρ.
563 603 825 658 ‘contubernale
847 603 1019 672 Pomponius
1042 603 1073 656 in
1095 603 1196 656 Macco

177 674 282 734 milite:
301 692 366 729 oum
383 691 416 744 c.‚
435 673 536 745 inquit,
555 674 690 745 pugnaui,
709 674 777 743 quia
795 693 831 732 m.
852 676 886 730 c.’

249 781 426 851 Septenaria
443 783 486 836 oet
503 783 637 837 iambicus
654 784 697 837 oet
714 783 908 852 anapaesticus
992 779 1196 836 contubernale

178 853 235 908 cod.
259 854 332 923 quod
359 851 573 906 contubernalei
598 855 663 908 olim
687 855 882 923 iuterpretatur
906 871 993 923 eram,
1020 859 1052 908 ut
1080 851 1196 906 annalei

177 925 250 978 idem
268 924 413 979 Romanus
426 941 456 994 p.
472 929 505 976 97
523 931 665 993 memorat,
689 926 820 980 disertum
843 930 933 980 cutem
956 926 988 979 de
1011 925 1099 978 uocati
1120 924 1196 978 testi—

178 997 301 1050 mouium
319 997 390 1050 deest
407 1001 521 1064 utroque
540 996 609 1065 loco,
632 1013 682 1050 uec
700 997 808 1050 decerni
822 1002 911 1066 potest
928 996 1045 1050 ablativi
1064 995 1196 1050 termino-

178 1068 278 1121 trbnem
291 1073 385 1121 utrum
404 1067 513 1136 lorcyum
526 1084 565 1121 uu
579 1069 681 1122 breuem
697 1068 792 1122 bobert
804 1068 922 1122 volucrit
935 1073 1025 1136 poeta.
1045 1065 1196 1120 contuber-

178 1135 244 1192 nale
263 1153 316 1206 ego
335 1137 455 1192 Botbiue
472 1138 504 1192 iu
521 1140 630 1193 cenario
712 1156 729 1207 q
750 1140 775 1193 b.
793 1155 815 1194 e.
834 1137 901 1206 quia
920 1140 977 1193 cod.
998 1137 1074 1206 quod
1092 1138 1132 1190 cd.
1148 1153 1196 1204 pr.

179 1207 229 1276 qui
247 1210 317 1264 coni.
329 1208 447 1277 Keitiuq
466 1226 523 1264 ooo
541 1211 618 1264 moto.
682 1210 720 1264 Iu
738 1211 815 1265 cuttu
831 1226 924 1264 uersus
943 1207 1056 1262 cenauit
1073 1209 1197 1277 suppleri

176 1286 272 1349 potest.
350 1279 529 1336 Scutariorum
551 1281 644 1348 frusto
667 1297 731 1334 cum
754 1279 956 1334 contubernale
978 1278 1105 1349 pugnaui
1128 1277 1198 1346 quia

180 1350 274 1404 Meam
288 1349 402 1404 cenauit
415 1367 515 1406 cenam
524 1369 628 1422 purum
640 1368 781 1408 umumose
792 1353 934 1406 diambuit
945 1352 1091 1420 Huuptt'uc
1101 1349 1196 1404 Herm.

179 1422 219 1475 ΙΙ
233 1427 293 1477 216.
332 1421 450 1478 munos
471 1423 540 1478 tolca
563 1424 648 1490 ttque
672 1439 735 1476 oum
754 1422 955 1476 contubernale
978 1420 1118 1491 pugnaui,
1142 1419 1197 1484 Qui

179 1507 272 1546 meam
292 1493 390 1546 cenam
409 1493 530 1564 [edendo
549 1493 634 1547 fidem
651 1493 749 1565 fregit]
768 1495 856 1562 effecit
873 1495 936 1549 Bur

482 1695 640 1755 MAOOVS
665 1695 898 1766 SEQVESTER

182 1812 294 1879 Simile
318 1818 380 1898 est,
407 1816 500 1899 quasi
526 1837 599 1880 oum
627 1815 772 1880 incaelo
800 1815 899 1902 fulgit
926 1814 1059 1899 propter
1085 1813 1197 1877 lunam

927 1921 1050 1985 lucifer.

252 2041 362 2095 Nonius
382 2049 442 2112 506,
462 2048 478 2096 8
500 2043 619 2113 ‘fulgit
638 2059 689 2112 pro
708 2042 800 2112 fulget
819 2086 825 2098 .
841 2085 847 2098 .
864 2085 869 2097 .
888 2041 1059 2112 Pomponius
1078 2039 1197 2094 Maooho

181 2116 337 2182 sequestre:
357 2113 449 2167 simile
468 2115 522 2168 est’
538 2131 561 2170 e.
578 2132 604 2182 q.
620 2131 640 2168 s.

252 2219 335 2288 quasi
354 2220 392 2274 M
397 2221 420 2275 0
443 2237 513 2288 quas
533 2241 554 2274 ω

536 2403 695 2466 MAocvs
718 2404 843 2465 VIRGO

130 2489 162 2588 tc
182 2525 384 2590 Praeterieris
406 2524 491 2588 uidit
513 2523 718 2589 Dossennum
741 2525 775 2588 in
797 2524 874 2588 luido
897 2522 1156 2588 reuerecunditer

181 2631 259 2698 Non
277 2631 444 2696 docentem
463 2630 727 2717 condiscipulum,
749 2633 864 2694 uerum
884 2630 1080 2714 scalpentem
1102 2629 1198 2694 natis.

254 2753 363 2808 Nonius
378 2757 439 2821 516,
455 2757 488 2806 22
510 2751 823 2806 ‘reuerecunditer'
842 2751 1071 2822 (‘uerecunditer’
1086 2751 1199 2821 BaHL)

184 2824 366 2894 ‘Pomponius
390 2823 529 2877 Maccho
555 2822 705 2892 uirgine:
729 2822 913 2892 praeteriens'
934 2838 998 2890 eq.
1015 2839 1035 2876 s.
1073 2825 1198 2891 (macco

182 2895 310 2966 plerique
321 2894 475 2950 secundum
484 2893 696 2958 Quicheretium
703 2893 847 2964 Virgine
857 2891 976 2948 Bothius
986 2891 1156 2962 uirginem
1166 2896 1199 2962 ω)

256 3007 270 3055 1
290 3001 352 3054 uidi
366 3002 486 3056 Botbius
546 3000 723 3054 Dossennum
735 3001 855 3056 Botbius
873 2999 1037 3052 dossensum
1050 2999 1097 3054 Ba
1116 2998 1199 3052 duos-

184 3090 332 3142 sensumcp
379 3078 462 3126 acor
476 3069 647 3141 discipulum
660 3073 760 3126 coutcc
799 3087 929 3124 uererum
942 3071 989 3125 Bo
1027 3073 1108 3124 nates
1124 3070 1202 3124 H¹P

625 3274 756 3334 MDVIA

183 3394 262 3459 Dies
279 3395 334 3459 hio
353 3398 478 3460 sextust
491 3397 564 3458 oiim
578 3393 662 3457 nihil
680 3393 741 3480 egi,
760 3391 810 3458 die
826 3358 938 3478 quarte
953 3391 1092 3456 emoritr
1105 3392 1199 3458 fame.

256 3514 364 3570 Gellius
378 3514 404 3568 X
423 3521 496 3584 24,ὅ
517 3514 674 3582 ‘diequinte
693 3514 768 3568 enim
787 3517 816 3568 ct
834 3512 974 3582 diequinti
992 3529 1043 3583 pro
1062 3513 1199 3567 aduerbic

185 3585 316 3655 copulate
345 3585 453 3640 dietum
480 3589 535 3656 est,
564 3585 687 3640 secunda
713 3585 744 3638 in
771 3602 804 3639 eo
832 3585 944 3655 syllaba
972 3586 1102 3654 correpta
