2674 3950
496 193 854 249 DECIMVS'LABERIVS
1116 193 1181 258 359

122 491 127 520 ι
652 379 700 438 m
745 463 887 528 elienum
909 461 1123 548 appetenibus

14 571 15 580 ’
168 567 249 633 Viae
273 569 439 653 expeditae
463 567 661 634 deuerticula
682 569 800 653 s<1int>
845 621 853 635 .
898 617 907 637 .

185 689 193 734 ¹·
238 705 437 775 Nonius'14,8
456 707 656 777 ‘appetones
675 707 712 761 ab
731 707 891 776 adpetendo
910 706 987 762 dicti.
1015 706 1182 761 Laberius

167 777 198 831 in
215 777 344 848 Virgine:
365 777 499 832 alicnum’
516 795 539 834 e.
554 797 580 847 q.
596 796 617 832 s.
640 780 816 848 (apetones
834 778 900 832 H¹L
925 781 1110 848 apeotones
1129 778 1182 833 ΗΡ

168 848 372 918 apeditones
392 849 470 906 Oolb.
484 850 555 905 Dan.
576 849 805 920 appeditones
824 850 866 904 Ba
920 849 1081 904 Liberius
1099 849 1151 920 Ba)

121 1035 125 1050 ί
241 973 441 1043 lapetonibus
458 995 479 1027 ω
535 973 719 1044 211111111111
733 975 795 1030 Boe
813 973 941 1044 perditae
956 973 1075 1044 (perdite
1089 975 1146 1043 Ba)
1159 994 1181 1028 ω

148 1112 149 1116 ¹
167 1047 285 1114 paratae
303 1063 324 1100 er
400 1043 589 1099 deuerticulas
608 1045 801 1116 (diuertioulas
815 1047 872 1116 Ba)
892 1067 926 1101 a:
951 1047 1066 1100 suntin
1083 1046 1183 1100 ultima

167 1117 259 1172 littera
310 1118 398 1172 latere
410 1117 476 1170 olim
493 1117 677 1172 animadverti
747 1116 824 1170 mala
841 1119 931 1187 suppl.
946 1117 1009 1172 Bae
1026 1117 1102 1171 bona
1119 1133 1140 1171 sc

448 1371 503 1430 EX
525 1371 711 1432 INOERTIS
734 1372 905 1432 FABVLIS

668 1495 685 1555 I
713 1547 714 1550 ,

593 1614 754 1702 Prologus

166 1739 363 1824 Necessitas,
386 1739 477 1803 cuius
500 1743 611 1804 cursus
634 1740 809 1804 transuersi
832 1739 990 1824 impetum

166 1845 349 1912 Voluerunt
371 1845 468 1910 multi
490 1847 644 1933 effugere,
666 1847 761 1931 pauci
783 1848 972 1932 petaerunt,

167 1953 237 2031 Quo
260 1955 312 2018 me
335 1953 473 2017 detrusit
495 1955 595 2038 paene
619 1954 771 2018 extremis
794 1953 952 2018 sensibus!
1182 1975 1234 2024 100

121 2066 123 2075 ’
167 2059 269 2137 Quem
291 2061 381 2124 nulla
404 2059 554 2146 ambitio,
577 2059 667 2143 nella
688 2083 843 2144 umquam
865 2060 1011 2147 largitio,

139 2166 285 2232 sNulhis
308 2167 415 2251 timor,
437 2167 489 2232 uis
510 2167 614 2252 milla,
636 2167 727 2230 nulla
750 2167 925 2232 aucteritas

166 2271 298 2337 Mouere
320 2273 428 2357 potuit
450 2273 485 2336 in
509 2273 641 2336 iuuenta
664 2272 703 2336 de
726 2276 826 2337 statu:

165 2377 250 2443 Ecce
272 2377 307 2442 in
329 2383 456 2444 senecta
478 2383 516 2444 ut
538 2379 632 2444 fecile
654 2378 806 2443 labefecit
828 2379 900 2444 loco

165 2483 238 2550 Viri
262 2485 446 2549 excellentis
469 2486 576 2549 mente
600 2484 755 2549 clemente
778 2485 864 2549 edita

159 2590 344 2658 summias
366 2590 490 2675 placide
513 2590 760 2675 blendiloquens
783 2591 901 2656 oretiol

126 2725 152 2764 ro
166 2697 297 2762 Etenim
319 2697 383 2782 ipsi
407 2697 439 2761 di
462 2697 579 2784 negere
603 2697 655 2760 cui
678 2697 726 2760 nil
747 2699 937 2782 petuorunt,

166 2805 340 2870 Hominem
362 2825 414 2868 mo
438 2804 593 2891 denegere
618 2803 690 2888 quis
712 2806 822 2888 posset
844 2804 934 2888 pati?

166 2911 238 2998 Ego
261 2910 312 2976 bis
335 2910 466 2974 tricenis
489 2910 582 2974 ennis
605 2911 685 2974 aetia
708 2909 777 2974 sine
799 2913 877 2974 nota

165 3016 275 3101 Eques
297 3007 463 3082 Romanus
486 3017 503 3080 e
525 3015 607 3080 Lare
631 3021 777 3102 egresses
799 3037 871 3080 meo

165 3122 308 3188 Domuim
330 3126 474 3187 reuertar
496 3121 624 3188 mimus.
669 3123 704 3186 ni
727 3123 845 3186 mirum
868 3121 930 3186 heo
954 3122 1004 3188 dio

125 3254 152 3296 15
167 3227 241 3295 Vne
263 3230 337 3314 plus
359 3229 428 3292 uixi
451 3227 534 3292 mihi
558 3250 655 3314 quam
678 3229 853 3292 uiuentem
876 3228 949 3294 fuit.

165 3335 323 3421 Fortena,
345 3335 545 3400 inmederata
566 3333 603 3400 in
624 3333 711 3399 bono
734 3356 834 3418 aeque
858 3339 954 3419 atque
977 3335 1013 3400 in
1035 3337 1135 3424 malo,

167 3441 203 3508 Si
224 3441 288 3507 tibi
311 3445 380 3507 erat
401 3441 532 3505 libitum
555 3439 738 3505 h‘tterarum
761 3440 910 3505 laedibus

166 3550 300 3616 Florens
322 3569 475 3614 cacumen
496 3548 625 3612 nestrae
648 3547 752 3612 famae
774 3547 937 3635 frengere,
1181 3569 1231 3618 115
1320 3523 1321 3554 ᾗ
