2674 3950
470 202 630 257 DEOIMVS
649 201 829 256 LABERIVS
1092 203 1157 266 349

212 361 321 416 Nonius
337 367 397 428 151,
412 368 446 416 28
466 362 702 434 ‘portisculus'
719 361 945 432 (postiseulus
964 361 1063 416 Bamb.
1082 377 1158 431 per-

141 433 289 488 tisoulus
307 451 358 488 ms.
371 433 467 503 Fabri)
484 433 606 504 ‘proprie
625 435 668 490 est
686 433 815 487 hortator
832 432 979 502 remigum,
998 433 1028 486 id
1047 435 1091 486 est
1109 432 1159 501 qui

142 505 261 560 eandem
273 504 412 574 perticam
425 507 513 571 tenet,
528 521 601 573 quae
614 503 785 574 portisculus
801 504 913 572 dieitur,
930 521 987 572 qua
1002 507 1031 558 et
1047 521 1159 558 cursum

141 579 171 630 et
185 577 398 630 exhortamenta
410 576 574 632 moderatur
590 621 595 630 .
612 620 617 630 .
635 576 790 630 Laberius
806 575 966 644 Cythera:
985 577 1048 629 neo'
1064 592 1087 630 e.
1099 593 1124 644 q.
1136 593 1157 630 s.

142 648 303 720 (Hetaera
321 645 417 702 Carrio
436 647 552 702 Emend.
572 648 620 701 12
640 663 655 701 e
675 646 886 702 ‘sanctioribus’
906 645 997 716 libris)

210 771 400 844 palmularum
416 773 512 828 Carrio
532 771 692 842 palmarum
710 793 732 826 ω
804 771 939 841 porticuli
957 771 998 824 L¹

586 1010 715 1071 IMAGO

144 1183 150 1194 .
197 1182 203 1193 .
251 1182 257 1193 .
303 1131 417 1216 genius
439 1131 566 1217 generis
589 1130 680 1216 (est)
703 1129 809 1194 nostri
829 1152 953 1214 parens

202 1269 322 1350 ‘Nonius
347 1275 406 1337 119,
429 1275 462 1323 29
492 1269 629 1340 ‘genius
657 1268 813 1350 generis!
855 1268 992 1323 Laberius
1017 1267 1157 1338 Imagine:

144 1341 255 1412 gemus'
271 1357 294 1395 6,
310 1359 336 1410 q.
351 1359 372 1394 s.
394 1345 511 1410 (genus
530 1341 566 1394 Ll
589 1357 710 1410 gemus
729 1343 762 1410 φ)

214 1464 369 1535 geniusque
387 1481 489 1534 parens
508 1463 619 1534 generis
637 1463 728 1518 nostri
746 1465 865 1519 Botbius
888 1481 976 1534 genus
997 1463 1087 1518 nostri
1109 1481 1159 1533 pa·

144 1553 208 1590 rens
227 1539 331 1592 serrasti
348 1538 452 1591 ercitum
471 1538 555 1592 deleto
572 1535 683 1605 generis
702 1553 722 1590 a
740 1537 785 1606 (of.
801 1537 891 1590 coroll.
906 1535 1068 1606 LXXXVII)

481 1791 610 1852 LAOVS
633 1792 823 1851 AVERNVS

641 1918 657 1974 I

144 2017 334 2105 Versorum,
358 2041 425 2084 non
447 2021 655 2084 numerorum
678 2040 812 2082 numero
836 2018 1025 2082 studuimus.
1180 2033 1213 2082 55

216 2158 375 2212 Priscianus
398 2177 425 2227 p.
442 2164 493 2212 712
512 2159 542 2213 Ρ.
569 2158 672 2212 ‘uersi
695 2173 806 2226 quoque
830 2173 880 2226 pro
903 2173 1001 2210 uersus
1024 2156 1160 2211 Laberius

144 2228 177 2282 in
195 2229 259 2283 laon
277 2230 403 2284 Auerno:
422 2231 576 2284 uersurum’
593 2246 616 2284 6,
632 2247 658 2297 q.
674 2247 696 2282 s.

217 2369 396 2406 numerorum
413 2355 512 2422 scripsi
529 2360 561 2407 ut
574 2354 636 2407 Bue
654 2369 801 2406 numerum
819 2373 849 2420 ω,
869 2354 941 2422 quod
959 2354 1082 2422 suppleto
1096 2354 1161 2406 olim

147 2426 229 2480 initio
251 2427 296 2478 tot
317 2426 359 2479 ito
382 2425 455 2478 tueri
477 2426 610 2490 conabar,
632 2431 664 2478 ut
684 2439 799 2476 numero
820 2441 873 2492 pro
892 2425 1019 2479 adverbio
1037 2425 1161 2478 haberem
1187 2483 1188 2487 1

147 2503 172 2551 et
189 2512 335 2550 numerum
354 2493 512 2548 studuimus
531 2497 721 2566 contemperent

640 2698 671 2756 Π

149 2800 265 2867 Seinde
287 2821 352 2862 una
375 2799 502 2864 exoleto
521 2799 640 2885 <huio>
657 2800 794 2884 patienti
811 2800 937 2884 <hano>
955 2799 1161 2863 eatuliente'm

894 2908 1011 2991 lupam.

219 3036 328 3091 Nonius
352 3043 394 3106 90,
414 3043 447 3090 32
473 3036 660 3091 ‘catullire’
687 3036 783 3108 (immo
807 3036 968 3106 eatulire‚
994 3039 1027 3090 ut
1050 3035 1162 3106 scripsit

149 3108 278 3170 Guietust
296 3107 422 3162 ‘esurire'
441 3109 507 3177 (‘est
526 3107 624 3162 surire’
641 3108 791 3179 Gesnerus)
811 3107 868 3162 ‘uel
886 3107 1040 3162 libidinari.
1072 3107 1162 3162 Labe-

149 3181 208 3234 rius
227 3179 257 3233 in
276 3179 366 3232 Lacu
384 3179 540 3234 balerna:
560 3179 667 3233 seinde'
683 3196 706 3233 6.
718 3198 743 3248 q.
755 3197 775 3233 s.
796 3179 932 3250 (laouba
948 3223 953 3234 .
970 3224 975 3234 .
991 3179 1108 3233 elerna
1126 3179 1161 3232 P¹

149 3252 238 3306 Lacu
257 3252 390 3305 Auerno
409 3249 556 3320 Bentinus)

220 3384 277 3420 una
291 3383 348 3420 una
362 3367 401 3420 W
415 3383 472 3419 una
487 3383 550 3419 oum
568 3366 758 3436 Quaeberatius
771 3369 803 3420 ia
821 3369 974 3435 septenarii)
992 3367 1109 3421 iambr'eo

150 3438 259 3492 exoleto
287 3440 377 3492 Aldus
407 3436 535 3491 exculeto
565 3437 668 3496 F³H²
698 3436 824 3491 exsoleto
852 3458 873 3506 φ
907 3437 1016 3491 exolete
1044 3437 1162 3492 Botbius

202 3508 268 3562 huio
293 3507 415 3578 patienti
437 3511 536 3578 scripsi
560 3507 747 3578 inpatientem
770 3509 809 3563 W
829 3507 981 3578 inpatienti
1004 3529 1025 3578 φ
1116 3525 1161 3562 ex·

8 3625 9 3662 t
94 3605 96 3610 ·
150 3577 269 3633 soletum
287 3578 473 3648 inpatientem
493 3596 525 3633 ao
544 3581 606 3634 Bae
678 3579 850 3634 eatulentem
870 3580 956 3634 F¹L¹
