2674 3950
191 232 255 296 356
516 230 657 285 DEOIMV
658 230 676 284 S
694 229 873 284 LABERIVS

190 390 345 462 Vergilius:
368 393 400 444 ct
422 390 545 460 clipeum
568 389 785 459 superintonet
807 389 915 459 ingens.
952 388 1077 444 Licinius
1096 389 1192 443 Macer

192 507 198 518 .
215 507 221 517 .
238 507 243 517 .
261 461 354 532 clipea
371 464 495 532 portant.
532 461 699 516 Lauerius
718 461 878 517 Sororibus:
897 461 961 515 hoo’
977 477 1000 515 e.
1016 479 1042 529 q.
1058 479 1078 514 s.

263 568 393 638 clypeum
410 571 470 624 edd.
490 568 596 638 clipeus
615 589 637 622 ω
703 566 793 636 proici
811 570 910 622 contra
927 567 1040 636 peluem
1057 585 1078 622 cc
1091 575 1206 638 propter

196 641 302 695 Veliam
320 641 448 712 Leccam
467 639 548 696 CGL
568 639 617 694 Vll
636 644 670 692 db
690 639 728 692 Κ.
751 640 787 706 cf.
806 657 830 693 c.
846 645 880 693 94
904 639 1002 694 Caecil.
1024 644 1083 694 134.
1106 641 1206 693 contra

192 730 220 781 p.
240 710 334 766 Proici
355 713 459 767 Oaiocs

681 807 712 864 H

139 922 200 983 selo
446 908 531 973 Laus
553 909 683 973 nomino
706 908 811 994 gloria
833 908 952 972 ale'scit.

263 1031 372 1085 Nonius
391 1037 452 1100 248,
471 1037 489 1084 4
509 1029 721 1084 ‘adolescere
740 1029 906 1096 (alescere
923 1032 952 1099 x)
973 1045 1108 1098 cresccre,
1132 1029 1206 1083 unde

194 1102 403 1157 adulescentem
422 1101 549 1156 dicimus.
581 1100 727 1154 Lucretius
745 1100 795 1154 lib.
809 1101 848 1156 Il:
870 1100 993 1168 donique
1012 1095 1204 1154 adulescendi’

193 1173 370 1298 §alescendi’
386 1173 511 1242 Lachm.)
532 1173 682 1225 ‘summum
704 1171 825 1241 tetigere
843 1188 985 1226 cacumen.
1022 1170 1157 1225 Laberius
1175 1170 1207 1224 in

215 1243 354 1300 ororibus:
374 1244 447 1298 laus’
464 1260 487 1298 e.
503 1261 529 1312 q.
545 1261 565 1297 s.

265 1352 473 1407 Poroemiaoem
491 1351 603 1421 ayeoeit
620 1349 818 1404 Lochmceesca
835 1349 919 1404 Iacer.
934 1367 964 1418 p.
981 1353 1033 1402 140
1094 1348 1207 1403 nominc

193 1423 228 1477 H
233 1422 274 1475 ’L
284 1423 320 1476 W
336 1421 450 1476 nomine
469 1420 572 1490 agendi
589 1420 702 1474 nomine
718 1420 793 1475 GHl
810 1436 913 1474 nomen
927 1421 1130 1475 Locbmenaas.
1157 1421 1206 1474 Ae

193 1492 330 1547 nomini’?
421 1491 521 1546 alesoit
541 1492 671 1558 GH¹L¹,
690 1492 887 1546 Lachmaeaes
909 1489 1048 1545 adolescit
1066 1492 1101 1546 H
1105 1491 1211 1547 ¹L¹W

194 1563 315 1617 dolesoit
332 1565 361 1617 P
429 1563 492 1616 laus
515 1564 579 1616 crim
602 1562 751 1631 adolescit,
776 1562 938 1616 nominatur
961 1561 1053 1632 gloria
1074 1563 1207 1617 Bothiua:

193 1637 286 1689 eedem
308 1635 443 1689 sententio
465 1636 504 1688 eis
530 1652 598 1703 quae
623 1635 655 1687 s'e
680 1641 756 1688 uma
779 1636 862 1702 posui
886 1635 1056 1703 summitur.
1098 1635 1208 1689 Iombos

194 1705 257 1758 laus
275 1721 378 1758 nornen
396 1723 423 1774 g.
442 1703 588 1758 Adolescit
606 1707 672 1760 olim
689 1706 819 1760 metiebar

679 1873 725 1931 ΠΙ

194 1973 330 2038 Ecdstor
352 1977 495 2038 mustum
519 2025 649 2039 .....
673 1975 933 2040 somniculdsum.

266 2093 375 2150 Gellius
393 2095 433 2148 IX
453 2101 542 2164 12,11
564 2094 648 2149 ‘item
667 2095 696 2150 C.
716 2095 819 2150 Caluus
841 2096 872 2150 in
892 2094 1031 2166 poematis
1050 2095 1208 2150 laboriosus

195 2165 278 2235 dicit,
302 2183 359 2220 non
377 2169 410 2220 ut
428 2166 514 2236 uulgo
534 2166 638 2220 dicitur
655 2166 705 2234 qui
722 2165 847 2236 laborat,
870 2167 968 2222 sedin
986 2183 1042 2235 quo
1061 2167 1209 2221 laboratur

196 2279 246 2292 ...
267 2237 366 2292 eadem
383 2237 494 2292 ratione
512 2237 647 2292 Laberius
666 2255 777 2306 quoque
796 2239 826 2292 in
845 2238 1004 2294 Sororibus:
1024 2241 1146 2307 ecastor,
1164 2238 1207 2292 in-

196 2307 270 2377 quit,
289 2327 325 2363 m.
344 2310 376 2363 s.’
402 2308 594 2379 (soporibus
613 2309 694 2363 Bern.
709 2309 798 2380 Lugd.
813 2310 887 2380 Par.)
923 2308 1032 2364 Nonius
1049 2327 1076 2379 p.
1094 2315 1152 2378 172,
1172 2315 1206 2362 30

198 2379 479 2450 ‘somniculosum
512 2381 588 2449 quod
621 2381 657 2434 ed
690 2397 801 2436 somnos
833 2381 935 2435 uocet.’
976 2379 1027 2449 (sie
1059 2381 1207 2435 Mercerus.

197 2451 300 2504 ‘uacet’
321 2449 397 2518 libri)

265 2541 389 2606 mustum
416 2540 555 2606 Mercerus
580 2540 702 2594 multum
728 2563 750 2595 ω
844 2541 952 2596 laedere
978 2543 1068 2609 possis
1096 2543 1207 2596 eatstor

194 2611 318 2662 mustum
337 2609 511 2683 (praebuit)
529 2611 650 2665 multum
668 2631 689 2666 s.
709 2613 864 2682 Displicent
881 2613 1002 2667 trochaei

565 2815 840 2874 STAMINARIAE

266 2927 347 2982 Nihil
374 2928 445 2983 lucis
472 2929 557 2984 titulo
584 2933 634 2984 aut
659 2930 784 2984 Petronii
806 2931 899 2985 verbis
925 2948 948 2985 c.
968 2937 1001 2985 41
1027 2930 1207 2986 ‘staminstas

196 2997 275 3052 duxi’
292 3002 343 3053 aut
356 2999 519 3054 Buecheleri
538 3001 614 3070 apud
628 3001 875 3056 Friedlaenderum
894 3001 1093 3074 commentario
1113 3002 1209 3083 (aliter

196 3070 271 3124 idem
289 3069 320 3124 in
333 3070 482 3125 Bitschelii
498 3089 592 3141 opusc.
606 3073 633 3126 11
647 3075 709 3142 510)
728 3072 844 3128 aceedit.
877 3073 919 3127 De
935 3072 1020 3127 mimo
1036 3073 1208 3128 Stammario

197 3140 305 3211 cogitat
323 3141 502 3196 Woelfflinus
520 3161 590 3197 mus.
605 3144 693 3198 Rhen.
709 3149 752 3211 43,
766 3149 826 3198 308.

196 3269 303 3332 Tenet
325 3269 411 3334 bona
432 3271 496 3334 fide
518 3293 577 3335 uos
600 3269 702 3335 Orcus
725 3271 826 3335 nudas
849 3272 884 3334 in
906 3273 1089 3336 catomium.

268 3389 376 3444 Gellius
390 3389 455 3445 XVI
470 3397 494 3460 ⁷,
508 3397 525 3444 4
544 3391 689 3445 ‘Laberius
710 3435 715 3446 .
732 3435 737 3446 .
754 3436 759 3446 .
778 3408 869 3460 neque
882 3410 940 3447 non
954 3392 1082 3446 obsoleta
1096 3409 1209 3460 quoque

198 3463 227 3512 et
244 3461 418 3515 maculantia
436 3478 470 3515 ex
489 3461 643 3516 sordidiore
662 3462 742 3533 uulgi
759 3479 812 3516 usu
830 3463 919 3533 ponit,
938 3463 1022 3532 quale
1039 3465 1082 3518 est
1099 3463 1130 3516 in
1144 3464 1208 3518 Sta-

197 3529 337 3586 minariis:
361 3531 454 3586 tollet'
471 3550 493 3587 e.
509 3550 535 3600 q.
551 3551 571 3586 s.
609 3533 649 3588 cf.
670 3533 765 3588 Cicero
785 3535 821 3588 ad
839 3534 905 3590 fam.
920 3535 972 3589 Vll
991 3541 1024 3589 25
1045 3536 1154 3589 ‘uereor
1172 3552 1209 3589 ne

198 3599 228 3653 in
247 3605 415 3658 catomum
433 3603 605 3658 Catoninos.’
634 3605 675 3659 De
693 3605 835 3660 locutione
850 3606 891 3659 ‘in
908 3607 1059 3660 catomum’
1076 3605 1210 3662 disseruit
