2674 3950
178 141 245 208 370
413 142 603 198 PVBLILIVS
624 142 740 197 SYRVS
778 142 965 198 CATVLLVS

177 305 214 384 sa‘t
232 305 379 384 scriptura.
451 303 637 385 carbunculas
660 304 740 404 Trap.
762 302 947 357 carbunculos
966 305 1051 388 Bora.
1126 304 1202 386 scin·

177 374 255 428 tillet
272 374 402 444 prob1tas
421 390 435 428 e
455 373 634 428 carbuncuhs
649 375 711 428 Bac
785 380 819 428 14
837 374 923 428 tollas
942 392 1045 430 consecr
1104 381 1137 430 15
1156 394 1201 430 rn-

179 446 264 500 duere
283 446 363 500 Leid.
382 445 516 500 inducere
535 467 556 515 φ
631 451 664 499 16
683 445 760 499 linea
779 447 858 501 Leia.
877 445 943 500 lune
963 446 1109 516 (lunae)p

673 613 705 672 H

178 713 263 791 Quid
286 716 363 801 ergo
387 715 422 778 in
444 718 558 779 uentre
581 715 667 799 parti
690 715 856 780 sarabaras
879 719 936 779 tuo

179 820 412 906 Suspe‘nderit?

248 943 373 997 Isidorus
388 942 456 1012 orig.
467 943 532 996 XIX
546 949 580 996 23
592 943 754 996 ‘sarabarae
768 945 835 997 sunt
846 943 923 996 fluxa
935 960 968 997 ac
983 943 1097 997 sinuosa
1110 943 1199 998 uesti-

177 1015 283 1083 menta,
296 1015 331 1068 de
341 1013 444 1083 quibus
456 1013 562 1084 legitur
572 1014 602 1068 in
612 1014 731 1070 Daniele
743 1059 748 1070 .
760 1059 766 1069 .
779 1059 784 1068 .
796 1017 825 1068 et
837 1014 968 1071 Publius:
979 1017 1012 1068 ut
1021 1013 1100 1082 quid’
1112 1031 1199 1083 e.q.s.

178 1095 299 1194 (plripL
326 1121 380 1175 del.
400 1121 471 1190 upl‚
495 1137 631 1190 suprascr.
649 1127 719 1176 1112
745 1121 932 1191 lplublius
951 1122 1025 1177 Mon.
1052 1121 1197 1191 Puplius

176 1193 332 1262 Wolfenb.)
361 1191 509 1262 σαράβαρα
540 1191 709 1261 anaxyrides
737 1193 870 1261 qualibus
898 1193 1001 1248 Persae
1029 1194 1197 1249 utebantur:

177 1265 355 1334 Antiphanes
381 1263 411 1317 in
430 1262 542 1333 Scythis
566 1263 643 1332 apud
666 1263 736 1318 Poll.
757 1270 782 1332 7,
798 1270 840 1319 59.
865 1269 983 1332 10,168.
1021 1264 1096 1334 Ergo
1121 1265 1197 1334 apud

178 1337 279 1405 Syrum
298 1351 410 1404 quoque
428 1335 530 1388 Persae
549 1335 644 1388 nescio
663 1334 742 1388 cuius
761 1335 864 1389 bracae
883 1335 969 1389 rideri
987 1334 1128 1390 ridentur.

250 1447 264 1495 1
285 1443 318 1494 ut
336 1440 406 1508 quid
424 1461 459 1496 a:
479 1442 564 1495 delevi
581 1444 614 1494 ut
633 1449 791 1510 corruptum
808 1444 871 1510 fort.
891 1460 926 1497 ea
944 1441 986 1496 ait
1049 1441 1079 1496 in
1097 1445 1197 1496 uentre

176 1512 253 1583 parti
268 1512 418 1566 sarabaras
432 1514 482 1565 tuo
499 1514 599 1582 scripsi
616 1511 647 1565 in
665 1515 764 1566 uentre
782 1515 833 1567 tuo
850 1513 927 1582 parti
941 1513 1047 1583 (parthi
1062 1515 1195 1581 Wolfeab.

177 1583 287 1654 parthis
302 1583 393 1652 Mea.)
413 1583 548 1636 sarabara
567 1584 700 1651 Wolfeab.
717 1584 807 1638 Germ.
825 1585 953 1640 Gerenos.
972 1587 1027 1639 deo
1050 1584 1145 1654 parthi
1166 1584 1197 1638 in

177 1657 277 1709 uentre
290 1657 340 1707 tuo
356 1654 505 1708 sarabaras
520 1671 585 1707 suas
599 1654 677 1708 Gal
697 1654 728 1708 in
746 1658 845 1708 uentre
864 1658 914 1710 tuo
931 1655 1028 1724 parthi
1047 1655 1197 1710 sarabaras

178 1744 243 1780 suas
260 1726 314 1780 Ga.
330 1731 353 1778 2.
372 1731 388 1778 3
448 1731 464 1778 2
484 1725 662 1794 suspenderit
679 1729 779 1795 scripsi
796 1726 994 1807 suspenderint
1011 1728 1098 1808 Gerra
1115 1733 1129 1780 1
1144 1734 1170 1781 et
1186 1726 1198 1779 i

177 1796 806 1938 ῗλτξξέῗῇἶῑἓᾙᾙὶἳίηᾛᾬῗὲᾘὲτφτυο
826 1799 1030 1938 siipinibiiit
1043 1800 1198 1924 wem

491 2144 879 2233 clavatus

565 2317 806 2379 LAVREOLVS

680 2445 696 2503 I

244 2545 406 2610 Iuvenalis
436 2550 494 2611 sat.
518 2545 599 2611 VHI
630 2546 692 2610 187
727 2545 937 2611 ‘Laureolum
969 2548 1065 2611 uelox
1097 2547 1196 2612 etiam

181 2655 259 2718 bene
290 2652 447 2717 Lentulus
483 2653 550 2740 egit
582 2652 691 2717 Iudice
726 2675 777 2716 me
816 2652 931 2739 dignus
967 2675 1044 2718 uera
1080 2654 1196 2718 cruce?

177 2761 351 2826 scholiasta
374 2759 448 2825 ‘hoc
470 2759 542 2824 ideo
567 2760 643 2844 quia
666 2759 701 2823 in
725 2760 796 2843 ipso
819 2759 919 2824 mimo
942 2759 1101 2825 Laureolo
1123 2760 1196 2845 figi-

177 2868 247 2933 tur'
277 2863 459 2953 (‘fingitur'
485 2866 642 2931 Daiatzko
670 2889 751 2931 mus.
774 2865 876 2930 Rhen.
901 2867 957 2952 31,
982 2865 1062 2954 380)
1090 2867 1194 2930 ‘cruxt

176 2974 262 3038 unde
291 2994 369 3037 uera
397 2995 490 3038 cruce
518 2973 636 3060 dignus
666 2976 715 3037 est
741 2972 912 3058 Lentulus,
940 2975 997 3058 qui
1023 2977 1114 3038 tanto
1141 2971 1196 3037 de-

177 3079 360 3145 testabilior
393 3084 455 3165 est,
491 3083 612 3164 quanto
649 3079 765 3143 melius
801 3084 930 3166 gestum
966 3079 1112 3144 imitatus
1146 3083 1197 3142 est

178 3186 368 3252 scaenicum.
405 3185 459 3249 hic
479 3184 636 3250 Lentulus
659 3184 779 3250 nobilis
802 3186 866 3249 fuit
890 3190 922 3250 et
945 3186 1086 3270 suscepit
1109 3184 1196 3250 serui

177 3314 348 3378 personam
367 3293 401 3356 in
418 3292 541 3378 agendo
558 3291 658 3355 mimo
676 3295 708 3355 et
726 3291 941 3376 deprehensus
958 3293 992 3357 in
1006 3292 1087 3356 falso
1106 3291 1197 3356 cruci

178 3401 262 3463 fixus
285 3399 354 3462 est'
395 3397 551 3482 Iosephus
572 3397 670 3481 antiq.
690 3396 768 3462 XIX
789 3399 874 3483 1,13
898 3411 996 3484 μῖμος
1019 3399 1199 3482 εἰσάγεται,

178 3503 255 3570 καθ’
279 3504 319 3570 ὃν
342 3514 544 3592 σταυροῦται
567 3510 698 3589 λῃστῶν
721 3504 860 3590 ἡγεμών.
