2674 3950
174 220 238 284 348
502 218 662 274 DEGIMVS
681 217 861 273 LABERIVS

620 423 742 483 GALLI

693 543 731 606 de
754 541 882 628 integro
906 542 1102 626 patrimbnio

122 669 156 718 50
175 650 249 714 Meb
272 649 430 714 memordi
453 654 621 714 nummum
644 651 774 714 eentum
797 647 895 713 milia.

247 771 355 826 Gellius
370 772 409 825 Vl
428 770 499 841 (VH)
519 776 543 840 9,
563 776 579 824 3
600 769 643 835 Ὦ.
662 770 770 824 Ennius
793 769 824 824 in
843 769 946 824 suturis
969 768 1193 850 memorderit

176 842 249 897 dixit
269 859 321 912 per
344 859 359 896 e
380 842 519 910 litteram,
543 858 600 895 non
622 841 804 922 momorderit
828 883 834 896 .
855 885 860 896 .
881 885 887 896 .
910 841 980 895 item
1002 841 1137 894 Lebeuus
1162 858 1193 920 m

177 913 302 970 Gallis:
326 914 365 967 de
388 913 537 994 iutegro’
559 929 581 994 e.
597 930 623 994 q.
640 930 660 967 s.
702 913 811 994 Nemus
834 931 861 982 p.
878 917 938 982 140,
957 917 992 966 24
1012 911 1192 992 ‘memord1

174 983 574 1111 pepgsclilpepggl·slt)ep⁰1ldl
594 1002 625 1036 1n
643 984 787 1038 ueteribus
806 983 882 1038 lecta
900 985 967 1038 sunt
986 1027 991 1038 .
1007 1027 1013 1037 .
1029 1025 1035 1038 .
1054 982 1191 1036 Laberius

176 1075 207 1110 m
253 1074 270 1110 a
306 1074 349 1112 rs:
389 1071 534 1125 ernegro
562 1071 664 1123 e.q.s.

248 1169 263 1216 2
283 1179 346 1217 meo
365 1161 502 1216 memordi
519 1179 664 1215 nummum
683 1163 797 1215 reulum
814 1159 894 1215 milia
910 1162 1030 1217 Botbius
1047 1176 1109 1214 meo
1128 1176 1192 1213 cen-

176 1236 238 1288 tum
254 1233 336 1287 milia
353 1251 499 1286 nummum
517 1232 654 1287 memordi
672 1253 707 1301 ω,
730 1235 777 1288 sed
799 1249 945 1286 nummum
965 1249 1015 1287 orn.
1030 1232 1059 1286 P
1092 1231 1194 1285 Minus

172 1306 326 1376 probabilis
351 1307 417 1360 ordo
442 1306 555 1357 eentum
579 1321 725 1357 nummum
747 1303 841 1368 milis,
869 1305 910 1359 vel
931 1305 996 1358 baec
1018 1319 1194 1358 umerorum

177 1377 346 1432 distributio:
366 1375 401 1429 de
420 1377 531 1445 integro
545 1375 719 1429 Patrimbnio
738 1391 800 1430 meo
820 1376 932 1429 eentum
950 1391 1095 1428 nummum
1112 1373 1194 1426 mssia

176 1445 322 1503 Membrdi.
361 1447 552 1516 Septembrium
575 1447 610 1500 de
634 1448 745 1516 integro
767 1465 795 1516 p.
816 1445 953 1502 membrdi
977 1447 1090 1500 eentum
1112 1443 1194 1498 mssiu

178 1520 241 1573 Rue
259 1520 428 1574 commendat

597 1685 776 1745 GEMELLI

177 1804 254 1871 an
277 1805 391 1889 putaui
413 1805 475 1870 hoe
498 1806 568 1869 eem
591 1805 753 1869 faciurum
800 1855 1126 1868 .......

250 1925 358 1980 Gellius
373 1926 387 1979 I
404 1932 427 1996 7,
440 1932 472 1980 12
493 1925 533 1994 (in
548 1925 626 1980 hisce
640 1925 733 1980 verbis
748 1924 890 1980 Ciceronis
905 1941 939 1979 ex
953 1924 1080 1980 orubione
1094 1923 1198 1993 quinta

178 1997 209 2050 in
227 1997 354 2050 Verrem:
380 1997 454 2050 hene
477 1996 532 2050 sibi
555 2014 614 2051 rem
635 1996 778 2066 praesidio
802 1998 917 2066 sperent
938 1995 1076 2066 futurum,
1102 2011 1196 2063 neque

178 2068 312 2123 mendum
330 2084 391 2122 esse
409 2084 500 2136 neque
518 2067 631 2137 uitium)
652 2067 737 2122 ‘item
755 2067 890 2122 Laberius
910 2067 941 2120 in
959 2067 1105 2122 Gemellis:
1128 2083 1195 2120 non

178 2138 314 2209 putaui,
337 2138 444 2208 inquit,
467 2139 530 2193 hoe
554 2155 627 2193 eam
647 2138 665 2194 f.
702 2139 768 2193 Non
786 2155 852 2208 ergo
875 2138 925 2192 isti
948 2154 1043 2193 omnes
1063 2137 1195 2192 soloecis-

178 2227 240 2264 mus
255 2209 324 2278 quid
339 2213 413 2264 esset
426 2210 599 2280 ignorarunt,
615 2210 665 2264 sed
679 2212 708 2264 et
720 2209 861 2264 Gracchus
877 2209 1017 2263 dieburum
1031 2213 1060 2264 et
1074 2208 1195 2275 Quadri-

179 2280 275 2352 garius
293 2281 420 2334 futurum
438 2284 467 2335 et
487 2281 629 2336 furtinum
647 2283 677 2335 ei
694 2281 795 2336 Antias
814 2297 1009 2352 processurum
1027 2283 1056 2334 et
1075 2279 1196 2334 Plautus

180 2351 337 2406 occisurum
355 2355 384 2406 et
401 2352 568 2407 Laberius
587 2353 759 2407 facturum
777 2351 924 2407 indefinito
943 2352 1026 2407 modo
1041 2351 1194 2406 dixerunt)

580 2573 795 2633 HETAERA?

682 2699 697 2756 Ι

180 2797 356 2864 'Ebriulati
378 2801 520 2863 mentem
542 2799 659 2864 hilaria
682 2797 820 2884 em'puit
866 2851 1085 2864 .....

251 2920 360 2974 Nonius
385 2925 485 2990 108‚4
514 2919 703 2990 ‘ebrulere,
734 2920 843 2976 ebrium
870 2921 975 2991 facere,
1004 2923 1033 2976 et
1060 2919 1198 2990 ebriatus,

181 2990 283 3046 ebrius.
330 2991 465 3045 Laberius
492 2989 528 3044 in
554 2991 664 3047 there:
693 2991 841 3048 ebriulubi’
865 3009 887 3048 e.
908 3011 934 3061 q.
955 3011 975 3047 s.
1009 2991 1195 3062 (ebriolere

181 3062 276 3118 Carrio
291 3061 407 3116 Emend.
421 3062 464 3115 12
485 3077 499 3115 e
518 3079 568 3116 ms.
584 3062 712 3117 Parisino
731 3063 906 3118 ebriulare
925 3064 988 3118 edd.
1042 3063 1141 3116 thore
1160 3063 1198 3116 Pl

181 3133 321 3189 Cithera
339 3133 439 3188 Junius
458 3133 608 3188 Hetaera
627 3133 722 3188 Carrio
742 3151 757 3188 e
778 3134 868 3188 ‘libris
888 3134 1100 3204 sanctioribus’)

253 3239 385 3295 ebriolebi
405 3239 502 3295 Carrio
521 3241 638 3296 Emend.
652 3242 674 3294 I
689 3247 704 3295 2
724 3258 757 3296 eu
775 3259 821 3296 me.
838 3241 929 3296 Paris.
950 3239 1083 3295 ebruilubi
1102 3261 1123 3309 φ

180 3310 284 3366 hilaria
304 3311 356 3380 ΡΒ,
376 3313 496 3366 Botbius
513 3310 646 3365 hileriem
665 3333 687 3382 φ
705 3311 827 3366 hilarem
845 3313 904 3368 edd.
978 3311 1117 3381 arripiunt
1134 3313 1198 3366 edd.

633 3519 634 3522 =
676 3481 707 3539 II

181 3577 250 3645 Nee
272 3581 490 3664 peilmulerum
512 3580 624 3664 pulsus
647 3604 706 3646 neu
728 3580 897 3666 portisculi
