2670 3948
525 177 581 233 CN.
600 177 761 234 NAEVIVS
1107 179 1150 243 33

132 337 292 391 Thesaurus
313 353 376 392 nov.
396 337 457 392 Lat.
477 336 508 390 in
523 337 556 393 A.
571 337 631 390 Mai
650 339 724 392 auct.
744 337 825 392 class.
841 337 906 392 VIII
920 343 953 393 67
975 339 1015 393 ‘et
1038 338 1149 407 bilbo,

132 408 163 462 is.
183 409 260 464 uerb.
280 411 358 463 neut.
379 407 422 460 ·i·
443 408 568 463 sonitum
586 407 679 462 facero
698 409 736 462 ad
752 407 968 464 similitudinem
981 409 1050 465 noui
1063 411 1148 466 musti

133 482 160 534 et
177 496 271 534 nouae
290 479 452 548 cerauniae,
472 479 586 548 quando
606 479 759 560 spumosoit
777 479 807 534 in
826 479 912 550 dolio,
931 481 1006 536 unde
1024 481 1150 537 Naeuius

132 549 243 604 bilbit
270 551 434 621 amphora
461 549 575 619 inquit’
621 550 730 604 rbidem
756 569 783 621 p.
809 557 841 606 ⁷7
872 551 1017 606 ‘bilbire
1047 552 1152 608 dieitur

134 621 233 676 ninum
260 621 375 692 quando
403 625 516 692 spumat
539 624 573 676 et
601 624 685 676 sonat
711 623 888 692 spumando‘
934 622 974 678 Of.
1003 624 1151 679 Philoxeni

133 693 217 763 gloss.
242 692 307 748 cal.
322 693 348 746 Π
362 697 409 761 29,
424 698 466 748 50.
483 698 517 746 38
545 692 669 747 ‘bilbit
694 693 840 766 βομβύζει’
880 697 909 748 et
933 694 1073 750 ‘bilibit
1093 693 1152 752 ἐπι-

134 764 268 835 σκιασμὸς
287 765 403 834 φωνῆς)
437 763 518 818 Adde
536 763 563 817 V
577 769 637 832 171,
653 770 695 818 23.

206 871 344 942 amphora
361 869 456 938 inquit
474 871 581 926 Naevio
599 872 698 926 tribuit
718 870 747 928 0.
764 870 916 928 Muellerus

607 1021 679 1078 XIX

133 1123 186 1188 An
209 1123 287 1186 nata
311 1125 360 1186 ost
382 1144 500 1207 sponsa
521 1123 702 1209 praegnas?
725 1123 779 1188 uel
801 1128 833 1188 ai
855 1125 909 1190 ueI
931 1147 1022 1213 nega.
1154 1143 1206 1192 125

205 1243 357 1298 Diomedes
376 1263 403 1314 p.
419 1249 471 1298 370
485 1245 515 1299 P.
537 1244 608 1298 ‘aio
632 1245 807 1300 uerbum...
823 1247 858 1300 de
882 1246 961 1302 ouius
982 1247 1152 1318 imperatiuo

134 1333 193 1370 non
210 1314 284 1368 nulli
303 1313 495 1385 ambigebant.
533 1331 632 1370 uerum
650 1315 759 1370 dictum
777 1319 821 1371 est
840 1317 880 1387 ai,
904 1321 937 1372 ut
954 1318 1080 1373 Naeuius
1100 1319 1154 1374 ali·
1218 1329 1219 1334 ’

134 1385 214 1442 oubi:
234 1387 282 1440 an’
299 1403 323 1442 e.
338 1403 364 1454 q.
380 1404 401 1443 s.
434 1385 594 1440 Priscianus
613 1405 640 1456 p.
656 1391 708 1442 875
722 1389 752 1443 P.
775 1388 845 1442 ‘aio
862 1389 1104 1460 im...peratiuus
1123 1391 1154 1445 in

129 1458 146 1511 'i
166 1457 324 1512 terminans
404 1457 545 1513 Naeuius:
570 1459 617 1512 au’
639 1475 662 1514 e.
677 1476 703 1526 q.
720 1477 740 1515 s.
782 1477 809 1528 p.
826 1465 878 1514 906
892 1460 922 1516 Ρ.
949 1461 1019 1516 ‘aio
1101 1462 1154 1516 im·

134 1528 265 1599 peratiuo
289 1528 321 1582 in
342 1527 354 1580 i
371 1528 550 1584 terminante.
589 1529 629 1584 sio
649 1529 724 1584 enim
741 1530 849 1585 Probus
869 1531 904 1585 ds
923 1531 1010 1587 dubio
1028 1533 1153 1603 perfecto

135 1603 263 1655 tractans
283 1599 408 1654 ostendit
425 1599 566 1654 Naeuium
584 1600 749 1670 protulisse:
769 1603 817 1655 au'
838 1619 861 1658 e.
877 1621 903 1672 q.
919 1621 940 1658 s.
973 1603 1050 1658 idem
1067 1605 1152 1675 paulo

133 1671 208 1725 infra
229 1671 318 1739 ‘quod
336 1674 432 1726 autem
450 1671 481 1725 in
500 1670 575 1724 aliis’
597 1674 644 1742 (so.
663 1672 804 1743 personia,
828 1673 899 1728 dicit
918 1674 953 1729 de
971 1675 1063 1744 prima
1081 1675 1153 1746 sing.

134 1745 163 1797 ot
181 1741 268 1796 tertia
287 1741 371 1812 plur.)
392 1741 564 1812 ‘corripitur'
584 1743 702 1812 (vocalis
721 1747 763 1814 a),
785 1744 922 1799 ‘ostendit
940 1763 1007 1800 urus
1079 1747 1154 1802 Nae-

134 1813 211 1870 uius:
237 1814 285 1867 au’
306 1829 329 1868 e.
345 1831 371 1881 q.
387 1831 408 1868 s.
447 1813 580 1884 (neuius
602 1814 672 1884 Reg.
696 1815 784 1885 Bong.
809 1815 930 1870 ennius
951 1817 1050 1873 Bamb.
1069 1818 1153 1874 Halb.

134 1885 219 1956 Sang.
240 1884 319 1938 Grut.
340 1883 468 1954 Carolir.)

207 2008 244 2044 an
263 1993 308 2044 est
325 1993 395 2046 nata
413 1992 560 2046 Diomedes
614 1994 658 2046 est
677 1971 785 2062 sponsa¹
799 1995 843 2047 est
863 1992 977 2050 Corolia.
998 1997 1086 2051 Prisc.
1102 2001 1154 2052 875

619 2143 675 2203 XX
746 2162 748 2166 ,

136 2243 198 2309 Vel
221 2265 304 2328 quae
326 2247 435 2328 sperat
457 2245 492 2308 se
514 2248 689 2329 nupturam
712 2243 854 2310 uiridulo
878 2245 1133 2334 adulescentulo,

136 2349 194 2414 ‘aa
216 2351 294 2414 lieet
316 2350 417 2416 sensse
440 2355 557 2416 tractet
580 2351 735 2416 de‘tritum
757 2351 953 2428 rutabulum.

207 2471 309 2525 Festus
332 2490 359 2540 p.
380 2478 431 2526 262
446 2471 483 2526 M.
510 2472 725 2526 ‘rutabulum
753 2475 796 2528 est
824 2483 879 2542 quo
907 2474 1007 2528 rustici
1034 2475 1064 2529 in
1091 2493 1156 2546 pro-

137 2542 244 2596 ruendo
266 2541 333 2611 igno
350 2543 433 2612 panis
453 2543 593 2611 coquendi
606 2543 705 2614 gratia
724 2545 873 2618 [utuntur]
910 2545 1020 2600 Nouius
1038 2547 1069 2600 in
1086 2547 1155 2601 Pioo

138 2646 173 2654 -
190 2645 228 2654 -
245 2613 377 2667 Nauius
406 2613 557 2669 obscenam
580 2613 635 2668 uiri
657 2617 769 2684 partem
791 2615 966 2674 describens:
991 2617 1041 2673 'uel
1068 2620 1153 2686 quae'

138 2701 161 2742 e.
176 2702 202 2752 q.
220 2702 241 2740 s.
280 2683 449 2754 (Naeuius
468 2685 554 2755 vulgo
572 2685 703 2740 Nouius
723 2687 909 2758 Augustinus)

212 2797 226 2844 1
247 2790 352 2846 Malim
370 2793 444 2860 quae
462 2793 594 2862 desperat
652 2791 775 2846 uiridulo
794 2796 893 2864 serapti
915 2794 971 2848 uiri
988 2797 1045 2851 eod.
1070 2795 1156 2850 diuiti

139 2864 208 2917 oooa'.
233 2863 296 2918 Rue
360 2863 570 2918 adolescentulo
595 2865 713 2920 Vreiaos
739 2864 966 2920 adulescentulos
989 2869 1046 2922 eod.
1108 2867 1155 2921 uel

138 2949 211 3001 quae
231 2933 363 3003 desperat
376 2937 529 3004 nupturam
543 2951 573 2989 so
586 2934 648 2989 uiro
663 2935 876 2991 adulescentulo
891 2939 1010 2993 Bottias
1072 2943 1087 2991 2
1107 2938 1155 2993 de·

138 3003 239 3058 tritum
256 3022 277 3060 a
298 3004 430 3059 retritum
447 3008 505 3062 eod.
525 3009 588 3077 (eor.
603 3007 678 3076 XIX)

614 3157 685 3216 XXI

140 3255 307 3323 sonticam
340 3279 407 3322 esse
440 3259 568 3342 oportet
600 3280 742 3344 oausam,
775 3282 872 3344 quarn
901 3259 1013 3326 obrem
1041 3263 1156 3348 perdes

190 3385 192 3390 ·
781 3367 957 3432 mulierem.
1016 3383 1018 3388 '

212 3484 312 3539 Festus
334 3504 362 3555 p.
377 3491 429 3540 290
443 3486 480 3542 M.
507 3487 693 3542 ‘sonticum
715 3487 845 3550 morbum
867 3488 898 3542 iu
918 3489 973 3544 'XII
997 3489 1156 3560 significare

141 3555 183 3610 ait
196 3555 295 3610 Aelius
310 3555 381 3611 Stilo
396 3559 503 3612 certum
517 3575 581 3612 oum
594 3558 671 3613 iusta
685 3576 778 3628 eausa,
797 3575 881 3628 quem
897 3578 954 3615 non
967 3561 1040 3614 nulli
1053 3564 1157 3631 putant
1214 3581 1226 3640 J

195 3654 275 3697 Sooeu.
290 3666 351 3705 poor.
366 3657 430 3698 Rom.
445 3657 526 3710 fragm.
541 3659 576 3700 od.
591 3657 707 3700 Rmnror.
728 3659 759 3700 11.
980 3657 996 3703 3
