2694 3952
309 273 310 280 ἵ
397 202 427 256 L.
447 200 658 256 POMPONIVS
676 200 921 256 BONONIENSIS
1101 201 1167 266 285

152 361 233 416 uenit
258 377 322 415 ecce
350 360 427 414 iilius
451 377 548 414 uersus
571 360 757 430 Pomponiani
781 361 809 414 in
833 364 969 430 mentem,
995 361 1045 430 qui
1068 365 1111 416 est
1134 379 1168 416 ex

154 431 312 502 Atellania¹
331 449 404 500 quse
422 431 535 485 Meuia
555 431 699 487 scribitur:
718 431 789 486 dies’
806 449 829 487 e.
844 451 870 502 q‚
886 451 907 488 s.
927 433 1043 502 (metui
1062 433 1168 488 escri-

152 503 250 558 bitur
274 502 375 573 optimi
397 502 474 574 libri)
497 502 658 557 Macrobius
682 502 770 558 SetI
792 509 822 573 4,
843 509 876 557 22
897 504 995 559 ‘modo
1019 503 1167 573 diequinti,

153 575 237 629 modo
266 573 411 642 diequinte
438 591 489 644 pro
515 573 651 628 eduerbio
681 617 740 629 ...
769 591 833 628 ecce
860 575 939 629 uenit
966 574 1043 630 illius
1070 591 1168 629 uersus

153 645 341 727 Pomponiani
366 644 396 699 in
418 648 554 715 mentem,
583 644 632 713 qui
659 647 703 699 est
730 661 764 699 ex
791 645 948 713 Atellania,
976 662 1049 714 quse
1074 643 1169 700 Meuia

153 716 329 771 inscribitur:
350 715 421 770 dies'
437 733 502 785 eq.
518 735 539 772 s.
564 715 687 787 (Mebia
706 716 752 770 vel
770 716 906 771 Meebie
924 716 1001 786 libri)

229 825 338 878 sextust
353 823 546 879 Fleckeismms
559 824 636 893 epist.
646 825 705 879 cm't.
720 825 758 878 ad
772 823 816 878 M.
826 823 971 878 Hmtm'em
985 828 1019 876 22
1039 825 1133 878 sextus
1148 845 1170 877 ω

155 893 258 949 tertius
277 895 429 951 Scriverius
511 893 552 948 nil
571 897 739 950 commendat
757 895 951 949 Flectcmomms
1031 893 1078 948 edi
1096 895 1169 950 Pom-

154 973 240 1022 tomcs
308 965 354 1020 die
373 964 492 1036 septime
511 966 657 1020 Pomtommo
724 963 843 1019 emoriar·
862 965 1007 1036 Scioppius
1026 965 1131 1020 moriar
1149 987 1170 1019 ω

209 1038 254 1093 De
271 1039 362 1106 [ormo
380 1037 527 1106 diequarte
546 1039 581 1106 cf.
601 1037 796 1092 Fleckeismms
814 1038 831 1091 1.
847 1037 865 1091 1.

580 1240 747 1300 MAIALIS

227 1355 373 1412 Glosseuis
391 1356 530 1426 excerpsit
548 1356 580 1412 G.
595 1357 695 1412 Loewe
713 1357 809 1412 Prodr.
824 1362 884 1410 377.

657 1525 672 1584 Ι

212 1677 219 1690 ,
266 1677 272 1690 .
318 1627 443 1692 animos
465 1625 576 1691 Verius
600 1631 697 1714 neget
718 1627 951 1712 uoluptdtibus.

201 1772 204 1774 ·
230 1747 339 1802 Nonius
359 1752 449 1830 1821
471 1748 585 1829 ‘neget
602 1765 653 1818 pro
672 1751 789 1819 negetet
807 1747 854 1802 uel
873 1748 958 1819 erigit
975 1749 1022 1804 uel
1040 1751 1174 1820 uegetum
1238 1815 1240 1820 Ι

159 1821 212 1874 est.
249 1820 419 1888 Pomponius
438 1819 550 1875 Marah:
570 1819 690 1875 enimos'
707 1837 771 1888 eq.
788 1838 809 1876 s.
1015 1859 1017 1863 .

652 1989 683 2046 H

159 2087 293 2152 Miseret
310 2109 361 2152 me
380 2110 501 2173 eorum,
520 2088 580 2173 qni
596 2089 665 2154 sine
684 2090 796 2154 frustis
814 2090 961 2153 uentrem
977 2089 1175 2154 frustrarunt
1254 2077 1255 2081 ¹

906 2217 1008 2259 suum.

231 2314 340 2369 Nonius
355 2320 416 2382 473,
433 2321 465 2369 17
487 2315 632 2370 ‘frustro
650 2333 701 2386 pro
718 2316 844 2372 frustror.
877 2315 1048 2386 Pomponius
1062 2316 1174 2372 Meieli:

159 2385 285 2441 miseret’
302 2403 366 2454 eq.
383 2404 404 2440 s.

235 2493 384 2548 Trochoeos
402 2496 630 2550 commendantem
646 2495 813 2551 Muellerum
827 2497 937 2565 procori.
953 2496 1051 2552 Piamt.
1066 2501 1117 2549 612
1136 2513 1175 2550 se·
1200 2487 1202 2492 ’

157 2571 239 2620 omtms
257 2581 325 2634 cmm,
344 2565 447 2620 iambos
465 2566 531 2620 oiim
548 2568 723 2622 emhctmeram
794 2583 920 2620 meorum
941 2567 993 2622 W¹
1064 2565 1175 2620 frustris

158 2635 315 2713 BoL¹W²
337 2635 434 2690 furstis
454 2637 498 2690 Η1
521 2636 604 2691 fustis
624 2639 652 2692 P
671 2637 770 2692 fruetis
791 2637 815 2692 Ο

644 2805 691 2864 ΙΠ

739 2911 850 2953 cenem
869 2889 1042 2974 quaeritet:
1195 2904 1230 2952 80

160 2994 201 3060 Si
217 3017 291 3058 eum
309 3015 403 3058 nemo
422 2994 527 3078 uocet,
545 2995 682 3059 reuortit
700 2996 841 3060 mse‘stus
855 2995 896 3059 ed
911 2995 1057 3060 moenem
1071 2994 1176 3061 miser.

232 3114 342 3168 Nouius
361 3119 452 3183 476,1
475 3114 660 3170 ‘reuortit’
699 3115 768 3171 Cum
790 3117 844 3171 hoc
867 3117 900 3172 fr.
922 3111 1079 3170 Meinekius
1103 3132 1177 3169 com-

161 3189 246 3258 paret
267 3185 401 3239 Timoclis
424 3196 521 3238 versus
545 3185 594 3253 qui
616 3185 646 3240 in
670 3203 739 3243 com.
759 3187 855 3242 Graec.
875 3189 901 3242 H
923 3207 951 3257 p.
965 3194 1018 3242 456
1042 3186 1176 3244 fr..11K.

161 3260 276 3325 extant3
304 3257 339 3310 cf.
362 3255 483 3310 maxime
506 3256 589 3312 haee:
618 3256 633 3311 ὁ
656 3267 725 3328 γοῦν
749 3257 878 3327 Κόρυδος
901 3259 1031 3328 ἄκλητος,
1057 3261 1094 3322 ὡς
1117 3258 1179 3328 ἐμοὶ

162 3332 254 3398 δοκεῖ,
279 3325 436 3396 Γενόμενος
454 3327 564 3396 ὀψωνεῖ
581 3325 649 3398 παρ’
666 3329 754 3385 αὑτὸν
773 3330 870 3385 οἴκαδε
889 3352 914 3386 κ.
929 3351 952 3384 τ.
966 3333 989 3385 t.
1027 3329 1066 3384 cf.
1086 3347 1179 3384 meam

162 3399 274 3456 Oolacis
294 3397 513 3468 descriptionem
529 3417 557 3468 p.
573 3405 615 3454 39.

234 3512 249 3558 2
277 3507 426 3562 Trochoeos
448 3507 547 3561 iambis
566 3509 691 3576 praetuli
783 3524 914 3562 maenam
936 3526 996 3565 mss.
1018 3509 1180 3582 Gottofredi

161 3593 274 3631 menam
293 3598 315 3646 φ
1093 3595 1095 3599 ’
