2670 3948
467 817 795 904 PRAEFATIO

183 1109 375 1171 Adornundis
394 1109 578 1170 comicorum
595 1114 763 1188 posterum,
783 1128 859 1186 quos
875 1111 946 1186 posi
959 1109 1031 1168 anni
1049 1110 1142 1170 inier-

127 1199 234 1258 vellum
253 1199 389 1278 tragicos
412 1198 499 1274 sequi
520 1199 613 1276 volui,
637 1198 774 1274 reliquiis
795 1198 992 1258 utilissimum
1016 1199 1141 1259 accessit

128 1288 332 1348 adiumentum
354 1287 537 1347 liberalitate
561 1287 620 1347 viri
643 1287 807 1347 doctissimi
830 1287 877 1346 W.
897 1287 1039 1346 Weeunn
1063 1286 1140 1348 Oxo-

126 1375 236 1456 ,niensis
263 1376 321 1452 qui
342 1375 544 1435 intercedente
562 1375 627 1435 viro
651 1376 822 1435 studiorum
840 1376 1049 1436 communione
1068 1377 1141 1436 olim

130 1463 194 1522 mihi
204 1465 367 1525 coniuncto
379 1464 424 1522 W.
432 1464 470 1522 M.
479 1464 620 1522 Lmosnr
630 1463 765 1524 defuncti
777 1464 867 1524 amici
879 1464 928 1523 sui
936 1465 965 1522 J.
973 1464 1011 1522 M.
1023 1463 1140 1525 Oinous

129 1551 279 1632 diligentie
300 1555 478 1630 congestum
496 1553 679 1629 apparatum
697 1552 837 1612 criticum
850 1552 1025 1613 Nonianum
1043 1555 1140 1614 irens-

125 1641 207 1702 nn'sit.
254 1643 363 1718 itaque
391 1641 472 1718 quod
499 1641 636 1701 codicum
659 1641 956 1717 manuscriptorum
980 1642 1019 1701 ud
1046 1642 1138 1703 libros

125 1729 209 1790 Nonii
227 1731 389 1808 Iv—XX,
413 1749 491 1806 quae
514 1750 551 1789 ne
575 1730 676 1790 ederet
694 1728 808 1789 Onions
827 1730 939 1790 Parcae
958 1749 1052 1790 manu
1069 1751 1138 1808 pro·

124 1818 231 1878 hibitus
246 1822 303 1898 est,
318 1819 493 1878 testimonie
503 1819 542 1878 ed
553 1819 736 1878 comicorum
746 1819 853 1878 saliem
867 1821 1027 1894 poetarum
1040 1820 1139 1880 frusto

123 1908 360 1987 recognoscenda
388 1907 477 1967 licuit
504 1907 657 1986 adhibere,
691 1926 823 1968 summes
849 1907 985 1967 virorum
1016 1909 1140 1969 illorum

122 1995 340 2058 benivolentiae
368 1996 463 2056 habeo
491 1997 523 2056 et
549 2015 607 2074 ago
635 1996 759 2074 grciies.
805 1999 836 2056 ei
862 1996 1006 2073 quonium
1027 1999 1084 2058 hec
1106 1998 1139 2057 in

122 2088 203 2160 perte
231 2085 369 2146 nondum
398 2084 533 2163 vulgetis
560 2103 635 2144 usus
663 2103 730 2144 sum
753 2085 860 2162 copiis,
888 2085 1018 2163 largiore
1047 2105 1141 2146 manu

39 2247 41 2254 Ι
122 2173 264 2235 librorum
284 2174 450 2250 scripturus
469 2174 504 2233 de
523 2174 657 2234 nondum
676 2174 820 2233 exhausto
837 2173 896 2234 viri
914 2174 1139 2253 diligentissimi

123 2261 262 2324 thesauro
278 2262 451 2339 deprompsi
467 2281 560 2339 quem
579 2282 614 2322 ex
633 2262 761 2338 inpressi
778 2262 941 2322 voluminis
959 2283 1041 2342 penu
1060 2284 1139 2324 com-

122 2351 203 2411 muni
218 2352 295 2411 usui
313 2351 437 2410 iamiam
451 2351 595 2428 exposito.
630 2370 701 2410 nem
718 2352 839 2426 plenam
853 2352 1018 2411 lectionum
1031 2373 1138 2431 conge-

122 2439 190 2500 riem
204 2441 291 2500 inire
305 2439 397 2498 huius
408 2439 550 2501 breviarii
562 2440 719 2518 angustius
734 2459 909 2501 coacervare
922 2460 982 2501 non
995 2441 1094 2521 magis
1108 2443 1140 2501 in

125 2529 217 2590 enimc
239 2531 309 2589 eret
328 2547 420 2605 quem
442 2531 530 2589 vetus
553 2529 748 2604 proecdoseos
766 2530 908 2590 horreum
925 2530 1138 2610 redintegrare.

182 2619 298 2695 Itaque
332 2617 428 2696 sigla
464 2617 627 2678 codicum
659 2617 908 2678 Nonianorum
941 2619 1046 2679 eedem
1077 2620 1139 2680 fere

123 2706 230 2781 quibus
257 2705 372 2766 Onione
395 2725 469 2766 usus
492 2709 538 2766 est
564 2707 753 2782 frequentius
776 2707 808 2765 in
830 2708 887 2767 hoc
909 2708 1063 2768 volumine
1087 2727 1139 2784 ep·

122 2798 227 2868 pereni
248 2813 343 2872 quem
364 2795 397 2853 in
419 2795 526 2871 priore.
565 2815 693 2871 quorum
716 2795 845 2855 indicem
863 2816 900 2855 ne
920 2796 988 2872 quis
1008 2797 1139 2874 emplius

123 2881 272 2945 desideret
294 2884 343 2944 hic
365 2903 511 2960 exponere
534 2884 627 2943 volui.
673 2885 744 2942 suni
767 2886 871 2943 eutem
893 2885 979 2944 haec:

447 2971 478 3031 A
497 2999 539 3020 =
559 2973 718 3033 Bernensis
737 2973 814 3031 alter

368 3060 371 3066 ’
447 3061 478 3120 Β
497 3087 539 3108 =
559 3061 718 3121 Bernensis
741 3061 824 3137 prior

427 3149 479 3210 Ba
498 3175 540 3198 =
560 3148 788 3228 Bembergensis

455 3237 540 3298 ΟΞ
561 3238 751 3300 Oolberiinus

447 3329 479 3386 D
498 3355 539 3375 =
559 3327 714 3388 Parisinus

446 3417 479 3474 E
496 3443 538 3464 =
557 3416 775 3477 Escurielensis

446 3505 479 3562 F
495 3531 537 3552 =
556 3505 749 3565 Florentinus

449 3593 538 3652 G=
559 3593 740 3655 Genevensis
