2696 3946
132 177 136 184 '
186 174 250 238 112
420 253 425 262 1
520 173 656 228 SEXTVS
675 172 866 229 TVRPILIVS

679 342 710 400 Π
866 394 869 401 .

184 441 295 508 Habe's
316 446 518 528 potestatem.
543 481 586 490 -
609 441 685 508 'Vbi
707 443 927 528 potestatdm‘?
949 479 994 489 -
1017 440 1110 507 Senis

183 547 294 614 Pretio
317 549 490 615 contendas
512 553 550 615 dt
571 549 738 635 redempto
760 549 919 614 Phaedria

184 654 296 720 Licedt
318 656 421 721 redire
444 655 612 742 antiquam
635 657 670 721 in
693 656 965 726 eonsuetddjnem.

255 777 364 832 Nonius
379 782 440 847 259,
456 784 489 832 28
510 777 735 832 ‘contendere
754 776 857 831 iterum
875 776 1017 847 signifieat
1035 779 1201 846 extorquere

135 907 136 911 ,
186 848 421 919 ....Turpilius
444 848 614 904 Lemonia:
640 848 738 902 habet’
764 864 786 904 e.
807 866 833 916 q.
854 867 874 903 s.
912 848 1125 918 (Lenonibus
1148 867 1199 904 ms.

184 918 278 974 Fabri.
297 919 448 975 Lemniis
467 919 542 988 Ald.)

256 1034 270 1080 1
289 1026 378 1080 habes
397 1027 496 1095 scripsi
512 1025 601 1080 hebet
619 1047 640 1079 ω
748 1025 811 1083 ubi:
839 1028 875 1094 cf.
895 1025 1029 1081 Heinsius
1048 1028 1086 1081 ad
1106 1025 1201 1082 Ovidii

184 1099 238 1153 lter.
257 1104 282 1167 4,
303 1103 354 1152 150
452 1098 623 1166 potestatem
642 1097 725 1167 senis,
743 1114 880 1168 suprascr.
900 1096 950 1150 ubi
968 1099 1149 1166 potestatem,
1169 1098 1204 1152 H

256 1175 272 1222 2
291 1166 446 1222 Phaedriae
467 1167 641 1236 Gractoffius
717 1169 762 1224 De
779 1169 915 1225 sententia
932 1170 968 1237 cf.
987 1170 1078 1224 coroll.
1097 1167 1201 1222 XXXV

669 1301 715 1359 HI

130 1421 165 1470 95
716 1403 821 1487 ne‘que
841 1402 955 1466 durare
978 1403 1124 1487 possum:

184 1506 236 1572 Ita
258 1507 355 1572 hdius
378 1507 547 1573 inscientia
570 1529 607 1572 ac
631 1509 792 1574 dementia
814 1509 975 1573 extorrem
997 1509 1084 1573 facit.

255 1628 364 1683 Nonius
385 1634 427 1698 14,
446 1634 481 1683 30
506 1629 671 1684 ‘extorris
695 1629 799 1683 dicitur
822 1631 901 1684 extra
924 1630 1098 1685 terramuel
1120 1633 1201 1686 extre

184 1699 319 1754 terminos
339 1744 344 1754 .
362 1744 366 1754 .
384 1744 389 1754 .
409 1699 552 1770 Turpilius
570 1700 706 1756 Lemniis:
726 1701 828 1769 neque’
849 1716 872 1755 e.
892 1718 918 1769 q.
939 1719 959 1755 s.

257 1813 405 1876 lpossum
424 1806 546 1878 Scoltqcr
563 1809 682 1876 possunt
700 1829 721 1861 ω
784 1805 973 1861 2insolentia
992 1807 1107 1880 Macdty
1166 1825 1200 1863 ac

183 1878 303 1934 Botdius
321 1880 407 1946 atque
425 1898 446 1931 ω
668 1957 712 2016 N

183 2057 329 2124 Re‘mulis
351 2057 470 2124 sensim
493 2059 585 2124 celox
608 2059 648 2123 ab
673 2058 791 2144 6ppido
814 2060 1021 2144 processerat.

254 2179 363 2234 Nonius
377 2184 464 2248 teuc
481 2180 594 2234 ‘celox
613 2183 657 2235 est
674 2181 822 2251 nauigium
839 2181 933 2250 breue,
949 2179 1057 2235 dictum
1071 2197 1088 2234 a
1103 2179 1200 2235 celeri-

183 2249 282 2304 tudine
303 2294 353 2304 ...
373 2250 515 2320 lumilius
533 2251 659 2308 Lemnis:
677 2252 802 2306 remulis’
824 2268 846 2306 e.
866 2270 892 2321 q.
912 2271 935 2307 s.

254 2355 369 2410 romulis
388 2356 497 2411 Sensim
515 2357 642 2428 Balteus,
661 2360 734 2428 qtsod
750 2360 850 2426 venua
867 2360 893 2413 si
909 2356 1006 2412 tacitis
1024 2357 1140 2411 ramulis
1158 2359 1201 2413 cel

183 2429 237 2484 tale
260 2429 336 2497 qaid,
355 2433 387 2482 ct
404 2430 597 2497 moderebatur
615 2430 809 2500 Kieasle'nyics,
833 2431 978 2485 coaimrar't
997 2435 1094 2498 poeto:
1116 2437 1199 2499 septe-

182 2499 296 2554 ncrirnn
313 2499 388 2554 dedit
408 2499 583 2567 Grcctesrtus
702 2501 814 2556 Possint
831 2501 913 2556 etiam
930 2501 1004 2556 mter
1021 2502 1090 2556 decos
1107 2517 1201 2557 casus

183 2571 327 2626 dromoni:
345 2568 425 2623 celox
443 2569 487 2623 Ab
507 2586 532 2624 o.
550 2588 578 2640 p.

183 2749 297 2814 Lembi
320 2749 489 2815 redeuntes
508 2750 639 2815 domum
659 2751 739 2815 duee
758 2750 797 2816 ad
815 2751 960 2816 ndstram
979 2751 1200 2816 adceleranint

770 2861 881 2924 ratem.

255 2976 364 3031 Nonius
383 2983 443 3047 534,
464 2983 479 3030 'l
500 2975 660 3047 ‘lembus‚
688 2978 822 3032 nauicula
848 2978 943 3033 breuis
971 2977 1127 3048 piscatoria
1147 3023 1198 3037 ...

183 3047 326 3118 Turpilius
344 3047 487 3103 Leucadia
507 3047 653 3103 ...idem
671 3048 795 3105 Lemnis:
818 3049 916 3104 lembi’
937 3066 960 3105 e.
980 3068 1006 3119 q.
1026 3069 1047 3105 s.

256 3155 328 3209 duae
347 3155 412 3223 (due
422 3156 472 3218 W)
491 3176 525 3212 or:
543 3157 579 3224 cf.
594 3157 758 3212 Pnacium
772 3173 802 3226 p.
818 3162 869 3211 658
884 3157 917 3212 P.
937 3155 993 3211 duo
1007 3157 1112 3212 anius
1162 3157 1199 3211 ad

183 3227 310 3280 nostram
339 3227 512 3296 (dractoffius
537 3227 574 3281 ad
598 3243 648 3280 nos
675 3229 781 3281 certam
804 3230 908 3296 (ceram
931 3229 971 3298 Ρ)
995 3249 1016 3282 ω
1041 3231 1086 3298 (cf.
1106 3230 1198 3285 coroll.

184 3295 297 3366 XXXV)
316 3297 445 3352 certatim
464 3298 500 3351 ad
519 3300 645 3353 nostram
663 3299 783 3354 Bottiae
799 3300 922 3355 sonorior
940 3301 1078 3355 diruemus

668 3431 713 3489 VI

183 3527 371 3614 Numquam
393 3531 488 3596 tinius
511 3554 562 3597 me
585 3533 771 3618 comparaui
794 3533 914 3598 senrire
938 3531 1139 3619 elegantiam.
