2674 3950
175 223 240 288 366
502 223 662 280 nuomvs
680 222 860 280 elensius
950 186 953 192 ’

174 383 394 438 testitrahus.
433 383 551 442 Graece:
577 383 845 456 ἀνακαμψικέρατος
871 380 997 457 iecitque
1020 386 1190 458 ὀρχεισύρος.

174 455 214 510 Of.
233 455 332 510 Aries
351 455 459 510 mimus.

646 642 717 701 XXI

240 761 459 826 Tertullianus
481 762 609 848 apolog.
632 761 675 826 48
705 762 775 848 ‘age
803 763 881 848 iam,
909 764 941 827 si
969 765 1034 849 qui
1061 764 1189 849 philo·

174 868 317 952 sophus
348 868 547 954 adfirmet,
583 872 620 932 ut
653 869 699 932 ait
730 868 885 934 Laberius
918 870 960 934 de
993 873 1189 937 sententia

173 975 430 1062 Pythagorae,
455 975 646 1040 hominem
669 975 762 1039 fieri
786 998 830 1040 ex
852 977 968 1064 mulo,
991 979 1187 1044 colubram

174 1104 218 1146 ex
245 1082 420 1166 muliere,
448 1085 481 1146 et
507 1081 541 1146 in
564 1103 634 1146 eam
658 1082 843 1166 opinionem
866 1084 973 1148 omnia
999 1090 1188 1171 argumenta

174 1187 294 1272 eloquii
321 1189 444 1252 uirtute
470 1189 663 1274 distorserit‚
691 1211 797 1254 nonne
825 1211 1014 1255 eonsensum
1041 1191 1188 1256 monebit

174 1297 206 1360 et
228 1294 325 1358 fidem
352 1295 466 1382 infiget
493 1295 591 1360 etiam
614 1295 654 1359 ab
683 1295 876 1360 animalibus
902 1295 1083 1362 abstinendi
1113 1321 1194 1384 pro--

172 1401 304 1484 pterea?
340 1423 527 1486 persuasum
551 1402 623 1487 quis
645 1402 775 1488 habeat,
798 1424 838 1466 ne
860 1403 944 1468 forte
967 1403 1123 1468 bubulam
1148 1405 1187 1470 de

173 1507 282 1590 aliquo
306 1529 429 1591 proauo
453 1531 511 1574 suo
535 1507 708 1574 obsonet?'
747 1507 794 1574 Of.
816 1508 945 1575 Oaneer.

245 1645 391 1700 Senarium
414 1647 462 1701 sio
485 1647 542 1717 (vel
561 1647 620 1716 ait)
644 1647 813 1702 homiuem
834 1647 918 1703 fieri
942 1665 980 1704 ex
1002 1650 1105 1720 mulo,
1130 1668 1185 1705 oo-

173 1716 307 1770 lubram
330 1733 368 1771 ex
391 1717 533 1773 muliere
551 1718 663 1773 notavit
681 1719 740 1773 Bue

635 1958 720 2016 XXII

122 2060 172 2108 155
184 2039 385 2124 [dextrabus]

246 2177 353 2231 Nonius
376 2183 438 2248 493,
458 2185 491 2233 19
517 2179 716 2234 ‘dextrabus
743 2197 794 2250 pro
820 2181 949 2237 dexteris.
991 2182 1126 2238 Laberius
1155 2184 1186 2238 in

175 2247 299 2304 Odissia:
327 2250 417 2318 deque
439 2250 570 2304 manibus
593 2251 765 2307 dextrabus.’
803 2254 861 2306 Aut
883 2253 1000 2307 Livius
1027 2271 1090 2308 oum
1112 2255 1184 2309 Ben-

174 2319 234 2374 tino
249 2319 427 2374 scribendum
442 2324 492 2376 aut
510 2321 613 2377 lacuna
629 2323 780 2377 statuenda
797 2323 985 2381 huiusmodi:
1007 2325 1185 2381 ‘Laberius

176 2434 225 2445 ...
245 2389 365 2446 Liuius
383 2391 419 2446 in
438 2393 586 2447 Odissia’
603 2411 626 2449 e.
641 2412 667 2462 q.
683 2412 703 2448 s.

629 2616 730 2674 XXIII

174 2697 301 2763 sobrior
359 2758 361 2766 ,
393 2749 395 2754 .

247 2817 389 2873 Charisius
412 2837 439 2888 p.
455 2825 489 2901 dl
513 2819 542 2874 P.
567 2819 701 2900 ‘sobrius,
725 2820 801 2888 quod
824 2836 926 2902 nomen
948 2823 1105 2904 comparari
1128 2841 1187 2878 non

175 2891 267 2946 debet.
313 2907 404 2958 neque
432 2907 507 2944 emm
535 2891 642 2944 sobnor
669 2907 760 2959 neque
790 2891 966 2946 sobnssrmus
995 2894 1051 2948 dior
1081 2897 1186 2965 potest,

175 2961 304 3031 quamuis
322 2961 457 3016 Laberius
478 2961 612 3016 sobrior
631 2961 753 3016 dixerit!

631 3182 730 3240 XXIV

175 3267 267 3332 aluus

249 3387 391 3443 Charisius
418 3406 445 3457 p.
466 3394 499 3442 61
522 3387 551 3442 P.
587 3388 716 3443 ‘aluum
745 3389 885 3460 Vergilius
917 3389 1051 3444 feminino
1083 3405 1188 3460 genere

177 3477 260 3529 saepe
292 3459 376 3528 dixit,
410 3459 460 3513 sed
490 3458 645 3514 masculine
673 3459 776 3514 Caluus
893 3463 923 3516 et
951 3461 1068 3515 Heluius
1097 3460 1190 3516 Cinna

270 3533 305 3604 et¹
327 3530 462 3584 Laberius
495 3533 524 3584 et
552 3531 653 3584 Aeolus
685 3531 856 3601 frequenter,
889 3533 965 3600 quod
996 3532 1087 3602 magis
1119 3550 1188 3588 usus

177 3601 350 3656 celebrauit?
