2674 3950
463 186 623 242 Daofflvs
643 185 823 240 LABERIVS
1085 186 1149 250 361

133 363 212 402 ⁴nunc
234 368 256 401 ω
330 346 378 401 Aa
401 346 490 414 quor?
577 351 611 399 24
634 345 773 400 iocundae
796 367 817 399 ω
904 351 937 400 25
960 346 1061 400 1²edera
1084 347 1150 402 Par.

191 424 224 472 16
245 421 344 472 enecat
361 419 429 474 Par.
447 420 572 487 necato
645 423 679 471 27
699 417 854 486 sepulchris
873 418 921 472 Ba

627 586 660 644 H

135 687 251 774 Porrd,
275 686 429 764 Quiritest
461 686 646 752 h'bertatem
669 687 842 771 perdimus.

622 871 669 930 ΙΠ

135 972 273 1039 11111111
297 977 345 1038 111
367 973 489 1038 multos
512 973 627 1038 timeat
650 995 746 1057 quem
768 969 868 1039 multi
888 971 1013 1036 timent.

207 1094 315 1149 Seneca
334 1094 368 1148 de
387 1093 430 1148 ira
448 1095 475 1148 Π
495 1101 537 1164 11,
556 1101 572 1148 3
592 1096 734 1158 ‘occurrat
751 1095 805 1148 hoc
823 1093 886 1148 loco
904 1093 960 1147 tibi
977 1091 1151 1148 Laberianus

135 1166 184 1220 ille
208 1182 318 1234 uersus,
347 1165 396 1234 qui
418 1165 530 1220 medio
556 1165 658 1220 ciuili
684 1165 780 1219 bello
808 1164 842 1218 in
870 1166 1008 1219 theatro
1037 1163 1151 1217 dictus

135 1239 228 1291 totum
255 1235 286 1289 in
313 1252 343 1290 se
369 1236 506 1317 populum
533 1254 590 1290 non
616 1235 699 1290 aliter
725 1236 877 1305 conuertit,
905 1253 990 1304 quam
1015 1235 1040 1288 si
1064 1234 1151 1288 missa

136 1310 211 1362 esset
229 1324 284 1361 uox
301 1307 410 1376 publici
429 1307 570 1363 adfectus:
589 1307 741 1361 necesse’
758 1323 780 1364 e.
792 1325 818 1376 q.
830 1325 850 1362 s.
884 1306 924 1362 cf.
941 1305 1004 1376 Syri
1018 1308 1087 1362 sent.
1099 1312 1151 1360 338

135 1381 164 1433 et
186 1378 250 1432 fals.
270 1383 321 1433 217
344 1396 372 1447 p.
388 1383 439 1431 127
458 1378 503 1433 W.
532 1379 745 1432 Pseudoseneoa
768 1379 803 1432 de
825 1377 950 1432 moribus
974 1383 1007 1431 61
1037 1380 1066 1431 11
1089 1377 1149 1431 eod.

136 1450 262 1504 cusanus
280 1467 307 1518 p.
324 1455 375 1502 113
399 1448 459 1516 ‘qui
482 1466 500 1504 a
522 1449 620 1504 multis
642 1449 771 1518 timetur,
794 1449 899 1504 multos
922 1448 1023 1503 timet’
1061 1449 1151 1502 Auso-

135 1521 198 1575 nius
218 1523 326 1590 septem
345 1537 403 1589 sap.
421 1523 491 1574 sent.
509 1527 534 1588 4,
553 1526 568 1574 5
587 1539 613 1590 p.
626 1527 677 1576 150
691 1521 736 1576 W.
757 1520 865 1574 ‘multis
884 1519 1019 1575 terribilis
1038 1519 1149 1573 timeto’

135 1592 182 1661 (al.
199 1592 334 1661 ‘caueto’)
354 1590 489 1647 ‘multos’
528 1591 613 1646 Solon
637 1593 712 1661 apud
735 1592 839 1646 Anton.
859 1591 963 1646 Meliss.
984 1607 1064 1645 serm.
1085 1591 1151 1658 περὶ

135 1662 269 1756 eccultus
287 1662 386 1732 (Orelli
400 1679 494 1732 opusc.
508 1663 604 1718 Graec.
620 1666 689 1718 sent.
704 1664 717 1716 I
733 1668 793 1730 162,
805 1666 849 1732 19)
868 1662 883 1717 ὁ
900 1667 1011 1726 πολλοῖς
1030 1661 1150 1786 φοῗερὸς

136 1755 175 1789 ων
193 1735 311 1798 πολλοὺς
329 1732 475 1807 φοβείσθω
494 1737 524 1788 11
542 1733 601 1790 alii.
630 1733 670 1789 Of.
685 1734 846 1788 Macrobius
865 1734 998 1788 laudatus
1013 1733 1050 1786 ad
1080 1751 1101 1788 r.
1115 1733 1149 1786 H.

619 1920 662 1978 IV

133 2021 210 2087 Non
232 2023 369 2106 possunt
390 2023 488 2108 primi
512 2044 579 2088 esse
603 2024 714 2086 omnes
738 2021 826 2086 omni
849 2021 884 2085 in
907 2021 1060 2105 tempore.

135 2126 305 2192 Summum
327 2129 368 2192 sid
392 2129 529 2215 gradum
552 2150 626 2193 cum
649 2128 806 2193 claritatis
828 2128 967 2213 ueneris,

135 2233 298 2299 Consistes
322 2255 429 2320 aegre,
451 2233 542 2298 nictu
565 2235 660 2298 citius
684 2234 819 2298 decidas.

136 2338 243 2405 Occidi
267 2342 341 2427 ego,
364 2340 456 2404 cadet
479 2339 536 2426 qui
558 2340 718 2424 sequitur:
741 2340 812 2404 laus
835 2343 884 2404 est
905 2339 1043 2424 pdblioa.
1151 2355 1202 2402 130

205 2461 366 2516 Macrobius
383 2461 441 2516 Sat.
456 2461 483 2514 11
502 2466 525 2528 7,
542 2466 557 2514 'l
577 2461 727 2532 (Publilius
747 2461 842 2532 Syrus)
863 2463 938 2516 ‘cum
955 2461 1056 2515 mimos
1075 2478 1149 2515 com-

134 2535 252 2602 poneret
272 2532 302 2586 in
323 2532 437 2601 entique
456 2533 577 2586 adsensu
600 2531 630 2585 in
648 2532 749 2588 Italiae
769 2533 880 2602 oppidis
900 2549 983 2614 agere
1002 2532 1148 2602 coepisset,

133 2604 288 2674 productus
302 2551 412 2658 {tomas
435 2619 485 2672 per
504 2602 631 2658 Caesaris
650 2603 745 2672 ludos,
769 2621 865 2658 omnes
884 2622 933 2673 qu1
956 2607 1024 2658 tunc
1043 2602 1149 2672 scripta

135 2677 164 2728 11
187 2691 286 2744 operas
305 2692 370 2728 suas
393 2675 423 2728 in
445 2690 577 2728 scaenam
595 2674 760 2729 locauerant
782 2675 962 2745 prouocauit,
986 2677 1019 2728 ut
1042 2673 1149 2744 singuli

135 2763 230 2800 secum
247 2745 342 2816 posita
359 2745 482 2800 inuicem
499 2745 620 2800 materia
637 2763 689 2816 pro
707 2749 833 2816 tempore
852 2746 1061 2800 contenderent.
1089 2745 1149 2798 Neo

134 2817 193 2871 ullo
216 2820 363 2871 recusante
387 2816 532 2887 superauit
555 2834 663 2882 omnes,
687 2817 717 2870 in
735 2817 798 2886 quis
820 2820 849 2872 11
871 2816 1029 2871 Laberium.
1066 2816 1148 2871 Vnde

135 2888 238 2943 Gaesar
261 2888 392 2942 adridens
415 2889 469 2942 hoc
491 2888 575 2942 modo
600 2888 808 2958 pronuntiauit:
836 2889 977 2942 fauente
1004 2886 1072 2941 tibi
1098 2903 1148 2941 me

135 2962 249 3013 uictus
273 2975 321 3029 es,
343 2958 481 3028 Laberi,
506 2961 523 3013 1
544 2959 640 3029 Syro:
664 2959 817 3028 statimque
834 2959 957 3013 Publilio
976 2958 1101 3028 palmam
1119 2961 1148 3012 et

134 3030 253 3084 Laberio
274 3030 389 3084 anulum
408 3046 524 3084 aureum
542 3047 606 3084 cum
619 3031 782 3101 quingentis
797 3029 934 3085 sestertiis
954 3029 1040 3084 dedit.
1069 3029 1148 3083 'I'unc

134 3101 275 3156 Publilius
290 3101 326 3155 ad
343 3101 494 3155 Laberium
507 3102 685 3157 recedentem
704 3101 757 3158 ait:
776 3104 913 3170 quicum
931 3099 1148 3156 contendisti

136 3171 298 3242 scriptor,
321 3173 409 3226 hunc
433 3175 610 3242 spectator
633 3173 786 3228 subleua.
824 3172 879 3226 Sed
903 3174 932 3227 et
951 3171 1086 3226 Laberius
1105 3188 1148 3226 se·

135 3243 234 3312 quenti
257 3243 354 3297 statim
377 3243 572 3298 commissione
595 3243 681 3298 mimo
704 3261 778 3298 nouo
802 3243 944 3298 interiecit
966 3243 1017 3297 hos
1036 3259 1147 3299 uersus:

134 3316 427 3440 {orilposslsspt’te
439 3333 468 3456 ,q
485 3333 505 3371 s.
530 3315 716 3387 (Publilius
737 3331 840 3370 nomen
859 3315 974 3370 exhibet
991 3313 1079 3369 Paris.
1098 3313 1149 3368 ubi

161 3405 180 3440 u
225 3404 312 3440 rusv
345 3404 382 3456 ga
396 3404 437 3441 ur.

207 3499 223 3545 3
247 3492 432 3547 consistentes
450 3493 542 3548 Putat.
625 3509 716 3562 agere,
734 3510 794 3562 sap.
819 3509 893 3562 egre,
914 3493 986 3548 (lud.
1067 3491 1147 3546 nictu

135 3564 234 3633 scripsi
255 3581 307 3618 nec
326 3565 402 3620 Med.
421 3567 463 3621 ab
484 3581 537 3631 neo
557 3564 640 3637 Aapl.
659 3566 734 3620 Med.
754 3582 769 3620 c
791 3566 820 3619 et
843 3585 864 3635 φ
955 3563 1039 3618 citius
1062 3581 1147 3632 quam
