2674 3950
352 217 501 273 INCERTI
518 215 674 270 Nemnis
693 215 890 281 RELIQVIAE
1064 213 1129 278 333

319 421 485 481 INOERTI
507 418 677 479 NOMIMS
701 418 922 490 RELIQVIAE

612 545 628 602 I

180 649 284 714 Varro
309 647 347 711 de
370 647 390 711 l.
410 644 513 710 LVII
538 645 580 710 95
603 645 647 726 M.
674 645 807 709 ‘diotum
833 645 978 709 mandier
1001 668 1019 708 a
1042 667 1130 708 man-

113 756 231 840 dendo,
258 753 342 818 unde
366 753 565 837 manducari,
593 773 699 836 aquo
725 751 760 814 in
783 749 942 816 Atellanis
965 751 1130 816 Dossen-

8 921 9 924 ,
113 885 200 926 uum
223 864 341 926 uooant
364 858 613 924 Manduoum.'

185 983 374 1036 Dossenum
394 980 425 1036 Ο.
440 981 592 1035 Muellerus
615 980 656 1033 ad
675 977 839 1034 obsonum
856 979 929 1034 Flor.
949 980 992 1033 ad
1011 980 1132 1034 obsoe-

113 1072 192 1108 num
217 1055 443 1135 (obscoenum)
468 1052 551 1133 Goth.
572 1051 663 1133 Haun.
686 1050 777 1132 Gueli.
806 1051 945 1104 obesum
962 1051 993 1132 L
1010 1051 1132 1132 Spengel

114 1125 355 1266 33316313
364 1122 917 1262 ‘ssitntfistztt¹{stituit
932 1122 1033 1175 aaa
1047 1122 1132 1192 ³¹⁰⁸*

609 1398 641 1456 H

117 1499 259 1584 Hospe's,
281 1499 393 1563 resiste
417 1503 449 1562 et
472 1498 619 1584 sophiam
641 1481 805 1563 Dossenni
825 1498 903 1585 lege.

190 1638 296 1692 Seneca
315 1638 397 1708 epist.
417 1643 459 1708 89,
479 1645 495 1694 6
519 1637 671 1708 ‘sapientia
695 1641 751 1707 est,
775 1655 861 1706 quam
884 1637 985 1692 Graeci
1008 1637 1135 1709 σοφίαν

98 1713 231 1774 ‚uocant
272 1710 326 1764 hoo
351 1711 438 1764 uerbo
464 1709 585 1764 Romani
610 1725 721 1778 quoque
747 1709 913 1778 utebantur,
942 1709 1016 1764 siout
1042 1711 1135 1780 philo-

118 1781 219 1850 sophia
241 1799 316 1834 nuno
339 1798 450 1850 quoque
473 1783 599 1836 utuntur.
636 1781 712 1848 quod
736 1783 765 1834 et
787 1783 904 1850 togatae
922 1781 977 1836 tibi
999 1782 1134 1850 antiquae

116 1853 280 1976 probabpnt
300 1855 330 1906 et
352 1853 544 1923 inscriptus
565 1851 735 1906 Dossenni
755 1854 972 1906 monumento
992 1853 1133 1910 titulus:

141 1941 221 1993 ospes
249 1941 272 1978 e.
288 1943 314 1993 q.
330 1942 350 1979 s,
641 1943 649 1950 ·

191 2031 320 2100 sophiam
339 2031 425 2086 Rosa.
445 2029 589 2100 sophisma
610 2030 700 2098 Gaetf.
724 2028 844 2099 sophian
862 2050 884 2099 φ

93 2377 97 2388 ·
121 2334 222 2400 Venit
244 2334 432 2399 Dorsennus
454 2336 473 2398 a
495 2335 575 2398 uilla
621 2386 840 2398 .....

194 2455 343 2510 Suetonius
361 2456 422 2510 vita
441 2455 550 2509 Galbae
570 2461 603 2509 13
626 2457 724 2524 ‘quare
748 2455 888 2510 aduentus
911 2455 971 2510 eius
995 2475 1052 2511 non
1074 2473 1136 2526 per-

8 2555 12 2570 ·
120 2527 189 2581 inde
202 2529 299 2596 gratus
314 2526 381 2582 fuit:
400 2526 486 2594 idque
500 2526 627 2596 proximo
642 2527 802 2596 spectaculo
818 2527 957 2596 apparuit.
991 2527 1136 2596 Siquidem

121 2595 262 2652 Atellams
281 2597 500 2652 notissimum
518 2597 693 2652 canticum
707 2598 812 2652 exorsis
829 2598 926 2652 uenit
939 2598 1136 2653 Dorsennus

123 2687 141 2724 a
164 2669 253 2722 uilla
276 2669 370 2722 cuncti
393 2668 476 2722 simul
500 2672 672 2738 spectatores
696 2669 889 2724 consentionis
908 2686 977 2723 uoce
998 2669 1137 2738 reliquam

121 2743 234 2810 partem
251 2740 432 2808 rettulerunt,
453 2757 486 2794 ao
505 2739 616 2810 saepius
636 2757 719 2794 uersu
736 2741 857 2810 repetito
877 2742 1014 2810 egerunt?
1053 2741 1137 2795 Chori

123 2829 173 2866 seu
201 2814 331 2866 catervae
359 2810 500 2865 oantioum
527 2812 581 2865 hoo
609 2829 669 2866 esse
697 2811 768 2866 dicit
791 2812 822 2867 G.
842 2813 1018 2866 Hermannus
1042 2829 1136 2882 opusc.

195 2990 239 3044 De
255 2991 376 3044 omiseris
393 2990 497 3044 cantici
514 2992 581 3045 certi
597 2992 641 3044 aii
658 2992 748 3044 ausim
767 2991 927 3057 adfirmare:
945 2991 1028 3044 initio
1045 3007 1138 3046 uersus

122 3063 238 3129 fortusse
253 3067 316 3129 post
334 3058 413 3114 uenit
430 3062 580 3116 interiectio
599 3063 703 3132 atiquo,
721 3063 835 3129 fortasse
854 3061 918 3130 heu,
936 3068 1028 3116 secuta
1046 3069 1085 3116 est

125 3133 285 3186 Dorsennus
306 3131 486 3186 (insistatur
507 3134 539 3186 in
561 3135 659 3201 epitom.
681 3133 805 3188 Damnst.
829 3137 897 3185 1840
919 3149 948 3200 p.
964 3139 1046 3202 1232,
1074 3135 1138 3187 item

124 3204 321 3258 Laotmooaus
341 3201 405 3256 ione
424 3202 510 3256 simus
530 3225 559 3271 ω,
578 3207 635 3259 nisi
653 3206 725 3274 quod
747 3201 871 3256 oiisimus
891 3205 989 3258 Viterb.
1009 3203 1045 3272 io,
1066 3203 1138 3258 One-

125 3273 355 3400 simnppatMpretus
408 3275 585 3346 Dactylioum
603 3293 712 3331 cosmon
729 3274 810 3328 uenit
827 3273 974 3328 Onesimus
990 3277 1008 3329 a
1024 3292 1050 3329 u.
1068 3292 1137 3330 coon-

125 3362 166 3400 roe
282 3362 315 3398 aa

611 3479 655 3536 IV

127 3566 245 3644 Hirous
268 3579 396 3644 uetulus
420 3581 542 3664 capreis
565 3581 714 3645 naturam
737 3581 876 3668 ligurrit.
