2694 3952
168 231 237 297 264
562 231 592 286 L.
609 231 794 286 AFRANIVS

168 396 199 447 et
220 392 271 446 ille
297 407 417 445 seruus
442 387 641 460 respondetz
669 391 758 446 bona
782 391 937 461 fortuna,
960 391 991 445 id
1014 395 1058 446 est
1080 392 1186 462 nullus,

169 463 252 532 quasi
279 479 339 517 rem
366 463 466 515 duram
493 461 571 516 dictu
598 462 695 516 mitius
724 462 816 518 dixit’
864 463 1006 518 Charisius
1034 482 1060 533 p,
1079 469 1130 518 247
1154 465 1184 518 P.

171 533 397 594 ‘charientismos
416 537 459 587 est
483 532 571 587 dictio
590 550 642 614 per
660 550 694 588 ea
712 551 785 602 quae
806 537 889 604 grata
907 537 973 588 sunt
991 534 1070 588 aliud
1089 535 1186 589 dicens

169 606 249 660 aliud
264 604 435 676 significans,
454 606 487 658 ut
505 622 569 658 oum
587 607 792 674 interrogamus
811 623 888 659 num
906 605 983 674 quis
1001 623 1062 660 nos
1081 623 1184 674 quae-

168 677 272 731 sierit
290 679 320 730 et
337 676 523 746 respondetur
540 676 630 730 bona
652 676 806 745 fortuna,
829 677 904 730 unde
922 676 1114 748 intellegimus
1131 695 1185 732 nos

167 748 310 803 neminem
333 747 498 816 quaesisse.'
537 745 647 800 Similia
665 746 815 802 Diomedes
833 766 861 817 p.
876 754 928 802 458
947 748 991 816 P„
1014 747 1119 802 Donati
1139 766 1185 803 ars

167 819 281 944 {pXCGL
296 819 335 874 IV
348 825 400 872 402
415 813 458 887 K,
478 817 582 872 scheda
596 818 774 872 Monacensis
789 818 867 873 edita
886 836 903 874 a
918 819 1067 889 Spengelio
1081 819 1184 875 Philol.

241 995 255 1041 1
284 986 409 1056 quaesiit
436 986 503 1041 Pur.
527 987 565 1055 P,
596 986 707 1042 Santra.
741 987 884 1055 quaesiuit
914 1009 936 1058 φ
1039 990 1186 1058 Disposuit

165 1077 332 1116 mammosa
353 1075 421 1114 mua
441 1058 529 1113 Rluu.
549 1063 591 1127 20,
611 1063 664 1112 374

444 1281 447 1288 ,
625 1218 728 1276 ΧΧΠΙ

112 1322 167 1371 430
177 1300 343 1388 cupiluci*

238 1424 329 1478 Varro
350 1423 384 1477 de
398 1421 420 1477 Ι1.
436 1422 454 1476 l.
470 1422 495 1476 V
511 1427 544 1477 25
563 1422 601 1476 M.
622 1423 711 1476 ‘extra
735 1422 840 1492 oppida
864 1439 881 1476 a
903 1423 996 1492 puteis
1019 1423 1183 1494 puticuli,

167 1496 245 1563 quod
263 1493 305 1548 ibi
318 1493 349 1546 in
366 1492 460 1562 puteis
480 1493 671 1548 obruebantur
688 1493 825 1563 homines,
844 1493 900 1547 nisi
917 1493 1021 1563 potius,
1041 1498 1073 1548 ut
1086 1495 1189 1549 Aelius

168 1565 281 1634 scribit,
299 1564 444 1634 puticulae
463 1565 540 1632 quod
558 1564 745 1634 putescebant
762 1564 804 1617 ibi
823 1564 963 1618 cadauera
980 1565 1116 1635 proiecta,
1135 1566 1185 1634 qui

167 1637 247 1691 locus
269 1635 401 1706 publicus
428 1635 504 1688 ultra
529 1634 684 1703 Esquilias.
726 1635 824 1704 itaque
852 1652 915 1690 eum
937 1636 1071 1691 Afranius
1095 1636 1185 1691 cuti-

166 1708 263 1762 lueos
291 1707 321 1760 in
344 1709 444 1776 togata
467 1706 605 1776 appellat,
634 1706 710 1774 quod
732 1705 798 1760 inde
822 1705 979 1776 suspiciunt
1005 1724 1055 1777 per
1081 1711 1183 1777 puteos

167 1779 283 1832 lumen'
309 1779 510 1848 (perpetuos
529 1777 564 1844 1⁴¹,
588 1793 656 1831 corr.
677 1776 811 1831 Grothius
836 1781 1003 1847 perpetuo
1026 1779 1130 1833 Laetus

168 1849 342 1904 cutilucos
370 1848 437 1902 libri
463 1847 640 1918 puticulos
667 1847 771 1902 Laetus
798 1848 1015 1918 putiluculos
1043 1850 1066 1902 B
1093 1850 1184 1920 peti-

167 1921 264 1975 lueos
282 1919 329 2044 {pl
348 1919 526 1989 cupilucos
546 1918 672 1988 conieci),
705 1918 744 1974 of.
759 1919 859 1974 Festus
873 1920 956 1974 Pauli
970 1939 990 1977 s.
1001 1939 1027 1976 v.
1041 1921 1185 1990 puticulos

627 2097 725 2154 XXIV

167 2181 264 2244 nauci
288 2181 362 2244 dare

240 2300 382 2355 Ausonius
402 2303 473 2356 cent.
493 2305 570 2371 nupt.
590 2301 677 2372 praef.
699 2302 760 2370 ‘pro
780 2302 846 2370 quo’
868 2304 916 2371 (sc.
932 2305 1061 2371 centone)
1082 2301 1186 2372 ‘siper

167 2371 308 2442 sigillaria
320 2371 352 2426 in
365 2372 496 2427 auctione
510 2372 627 2441 ueniret,
642 2389 733 2440 neque
746 2372 881 2428 Afranius
895 2373 1012 2428 nauci’
1029 2377 1182 2442 (naucum
1218 2376 1222 2382 ’

167 2443 334 2514 Salmasius)
355 2444 466 2498 ‘daret
483 2460 535 2498 nec
553 2443 660 2498 ciccum
679 2461 760 2498 suum
778 2443 896 2498 Plautus
916 2444 1046 2500 offerret'

635 2611 719 2670 XXV

168 2696 352 2781 ipsissimus

240 2815 390 2886 Pompeius
415 2815 446 2869 in
471 2815 538 2871 CGL
557 2816 583 2870 V
604 2821 655 2869 153
679 2815 712 2870 Κ.
739 2816 785 2870 ‘ea
813 2819 908 2871 autem
935 2834 1007 2886 quae
1034 2835 1092 2872 non
1120 2820 1186 2872 sunt

168 2888 318 2957 qualitatis
338 2890 367 2941 et
384 2886 567 2956 quantitatis,
586 2903 643 2942 non
661 2886 801 2956 recipiunt
819 2888 1056 2957 conparationem.
1094 2889 1136 2943 Ne
1155 2891 1185 2943 te

167 2959 313 3029 decipiant
326 2958 392 3012 illa
406 2957 571 3012 Plautina
585 2961 618 3012 et
631 2958 823 3013 Afraniana
836 2960 955 3028 uerba,
972 2959 1181 3030 ipsissimus;

166 3031 230 3086 ioco
245 3029 351 3085 comico
365 3030 419 3083 hoc
434 3029 513 3084 dixit.
547 3031 590 3084 est
609 3029 696 3083 etiam
714 3029 790 3098 apud
805 3029 926 3085 Graecos
946 3031 1098 3095 αὐτότατος
1116 3031 1184 3086 tale.

167 3101 276 3157 comica
295 3103 361 3155 runt
379 3100 436 3154 ista
455 3103 483 3155 et
502 3101 547 3154 ad·
558 3103 647 3155 artem
665 3117 722 3154 non
739 3100 903 3170 pertinent?

613 3267 738 3328 XXW?

164 3354 320 3418 ieientare

239 3463 350 3518 Nonius
368 3471 434 3532 126,
457 3471 490 3518 10
515 3464 710 3519 ‘ieientare
747 3463 880 3520 Afranius
899 3481 952 3522 *a*
971 3467 1185 3541 (Pomponius)

165 3537 297 3591 Buccone
312 3535 450 3604 adoptato
465 3536 528 3659 [Ν]
540 3535 658 3616 Piautus
674 3579 696 3590 ..
710 3579 714 3590 .
730 3536 863 3618 afranius
876 3537 996 3619 Crimine
1072 3539 1113 3594 ‘e.
1124 3557 1150 3607 q.
1162 3556 1183 3593 s,

166 3609 301 3663 Fortasse
320 3623 405 3675 supra
423 3607 500 3674 quod
530 3609 622 3676 egitur
639 3606 750 3661 Afranrr
768 3624 870 3662 nomen
890 3625 975 3663 errori
1015 3609 1121 3665 ebetur.
