2694 3952
529 231 560 287 L.
577 231 761 287 AFRANIVS
1089 231 1155 297 265

314 441 315 446 1
597 399 696 458 XXVI

205 499 333 567 Nonius
353 525 383 586 p.
398 501 473 588 557,
491 502 533 565 14
556 502 591 566 in
610 507 753 567 extremo
772 502 866 586 libro,
890 501 925 566 iu
943 503 1058 587 capitis
1076 501 1156 566 XIX

140 609 191 672 ‘de
209 607 463 692 propinquitate'
478 609 567 672 exitu
585 612 661 694 post
679 609 838 694 explicata
856 609 988 673 nomina
1002 610 1156 674 ‘caesares

140 715 293 802 agrippae
315 715 467 799 uopisous
489 715 562 802 glos
585 715 668 780 leuir
690 715 822 780 fratriae
845 715 972 779 amitini
994 716 1157 800 patrueles

140 821 336 886 consobrini'
356 820 435 886 haec
454 822 556 887 addit:
581 823 769 907 ‘dequibus
791 822 938 907 exempla
958 823 1062 886 multa
1080 825 1157 886 sunt

139 929 174 992 in
197 929 340 1012 antiquis
363 929 549 994 auctoribus
572 933 605 994 et
631 927 772 994 maxime
799 930 833 993 in
856 927 992 1012 Afranio
1016 933 1049 993 et
1076 927 1156 992 iuris

139 1035 368 1100 uetustissimis
386 1036 619 1120 scriptoribus?
653 1035 700 1100 of.
715 1035 843 1100 Afranii
861 1035 1063 1120 Consobrini‚
1080 1034 1156 1098 Fra-

141 1142 230 1228 triae‚
253 1141 455 1228 Materterae,
477 1141 597 1228 Mariti,
619 1142 804 1229 Priuignus,
829 1141 971 1228 Sorores,
987 1141 1155 1226 Vopiscus.

589 1308 705 1366 XXVII

207 1408 329 1474 Marius
342 1408 531 1474 Victorinus
549 1409 583 1474 in
604 1407 686 1474 GGL
700 1407 748 1474 VI
769 1409 810 1473 79
829 1409 869 1474 Κ,
893 1409 992 1493 ‘quod
1014 1425 1093 1472 uero
1117 1406 1158 1470 ad

141 1515 346 1600 clausulas,
365 1515 399 1579 id
418 1518 466 1579 est
479 1516 660 1580 minuscula
674 1516 753 1602 cola,
772 1516 922 1601 pertinet,
941 1519 1021 1600 quot
1039 1535 1157 1600 genera

140 1645 293 1690 uersuum
320 1626 411 1706 sunt,
441 1622 578 1686 totidem
605 1644 717 1686 eorum
744 1622 889 1687 membra
918 1645 978 1707 pro
1006 1619 1159 1686 clausulis

141 1729 220 1814 poni
247 1732 397 1814 possunt,
425 1732 457 1792 et
482 1727 587 1792 solent
614 1729 648 1792 in
672 1730 835 1794 canticis
858 1731 962 1816 magis
985 1751 1082 1813 quam
1107 1728 1158 1790 de-

140 1835 275 1920 uerbiis‚
303 1857 384 1920 quae
408 1857 447 1900 ex
474 1835 623 1900 trimetro
650 1836 755 1922 magis
783 1836 978 1920 subsistunt,
1005 1834 1157 1900 collocari

141 1947 174 2007 et
200 1942 371 2027 praecipuo
397 1941 482 2026 apud
503 1940 657 2006 Plautum
681 1946 713 2006 et
735 1941 897 2008 Naeuium
921 1947 954 2007 et
976 1941 1156 2006 Afranium.

11 2045 13 2076 '
140 2071 216 2114 nam
236 2049 272 2114 hi
290 2049 429 2112 maxime
449 2070 488 2112 ex
507 2047 657 2112 omnibus
680 2049 834 2114 membris
852 2071 1005 2113 uersuum
1024 2047 1157 2130 (uelut)

141 2156 221 2220 colis
255 2155 296 2220 ab
336 2153 388 2219 his
429 2155 584 2239 separatis
624 2156 759 2220 licenter
795 2157 845 2220 usi
881 2155 1087 2240 reperiuntur
1122 2153 1158 2217 iu

141 2262 314 2326 clausulis?

213 2381 310 2436 uelut
331 2381 451 2436 inseruit
472 2381 581 2436 Xeilius

349 2565 515 2626 INOERTI
537 2565 708 2626 NOMINIS
731 2561 974 2636 RELIQVIAE'

642 2691 658 2748 I

210 2791 329 2858 Seneca
348 2792 439 2877 epist.
460 2793 512 2878 89,
530 2793 548 2855 7
574 2792 744 2877 ‘sapientia
767 2796 816 2856 est
839 2814 936 2876 quam
957 2789 1070 2856 Graeci
1094 2807 1159 2855 oo-

142 2903 239 2985 φίαν
266 2901 392 2963 uocant.
438 2898 500 2962 hoo
526 2898 626 2963 uerbo
652 2897 792 2963 Romani
820 2920 948 2982 quoquo
975 2897 1159 2981 utebantur,

142 3007 226 3071 sicut
243 3004 450 3090 philosophia
463 3026 549 3070 nunc
564 3028 692 3090 quoque
705 3009 855 3070 utuntur:
875 3003 962 3088 quod
978 3008 1011 3068 at
1029 3006 1159 3089 togatae

142 3112 204 3176 tibi
227 3113 378 3196 antiquae
401 3111 586 3196 probabunt
610 3117 642 3176 et
667 3113 841 3196 inscriptus
864 3110 1024 3174 Dossenni
1047 3131 1160 3173 monu-

142 3222 252 3284 mento
275 3217 411 3282 titulus?
451 3217 498 3282 Of.
516 3216 672 3282 Afranius
691 3220 765 3283 299.

635 3383 667 3442 Π

211 3483 341 3551 Servius
364 3484 445 3550 Dan.
468 3485 503 3548 in
525 3483 622 3570 Verg.
646 3481 726 3548 Aen.
749 3481 796 3547 XI
821 3482 885 3546 160
909 3482 1046 3546 ‘ueteres
1072 3480 1158 3544 enim

144 3591 283 3655 uiuendo
320 3589 449 3654 uincere
481 3588 630 3654 dicebant
665 3589 872 3673 superuiuere
906 3639 914 3652 .
942 3639 949 3652 .
978 3639 985 3652 .
1019 3609 1094 3651 nam
1127 3591 1160 3650 et
