2670 3948
169 201 213 268 54
498 201 685 258 CAECILIVS
704 199 856 256 STATIVS

657 369 701 428 VI

169 469 298 536 Garruli
320 471 389 537 sino
413 472 523 537 dentes
546 461 679 556 iactent,
702 470 771 536 sine
794 471 958 538 nictentur
979 451 1121 554 partiris.

238 593 339 647 Festus
357 612 384 663 p.
401 599 451 647 1⁷⁵1
467 593 505 648 ll.
526 593 676 648 ‘nictare
700 595 730 646 et
748 592 893 646 oculorum
912 595 941 646 et
959 591 1081 646 aliorum
1098 607 1186 646 mem-

58 664 61 674 '
167 663 368 719 brorum'nisu
390 681 475 734 saepe
499 664 608 734 aliquid
631 663 729 719 conari
751 663 859 718 dictum
882 667 926 717 est
949 661 1131 731 abantiquis
1151 695 1186 704 -

168 734 306 790 Caecilius
324 735 355 790 in
373 736 526 822 Hymnide:
545 736 664 806 garruli¹
685 752 708 790 e.
724 753 750 804 q.
767 753 787 789 s.

237 841 346 914 garruli
364 843 424 898 sine
443 843 542 898 dentes
562 843 685 915 Scoliyer
702 840 824 912 garrulis
842 841 987 896 medentes
1006 843 1063 897 cod.
1132 835 1135 843 '

648 991 708 1051 VH

167 1093 244 1162 Sine
266 1117 358 1160 suam
380 1097 578 1158 senectutem
602 1093 698 1158 ducat
720 1097 823 1178 sisque
847 1093 887 1158 ad
910 1093 1035 1158 senium
1054 1091 1187 1166 sorbilo.

236 1217 336 1272 Festus
359 1235 386 1285 p.
402 1220 453 1268 339
468 1214 505 1269 M.
532 1214 679 1268 ‘senium
707 1231 724 1268 a
752 1213 835 1268 senili
863 1213 1021 1268 acerbitate
1049 1215 1079 1268 et
1104 1213 1186 1268 uitiis

166 1287 274 1343 dictum
291 1285 388 1358 posuit
406 1285 545 1341 Caecilius
564 1284 594 1340 in
612 1285 766 1355 Hymnide:
786 1285 857 1340 sine'
878 1301 901 1340 e.
917 1303 944 1354 q.
954 1303 981 1339 s.

197 1434 199 1439 .
236 1395 464 1450 Au'senectam?
479 1393 513 1462 cf.
524 1410 548 1447 c.
560 1398 593 1446 28
630 1409 719 1461 usque
729 1393 873 1448 Basileios
886 1393 918 1446 ic
931 1392 989 1446 Ter.
1000 1391 1130 1459 ule2,
1141 1396 1184 1460 52,

161 1467 291 1536 probeat
304 1466 503 1521 Lccbmuauus
516 1466 548 1518 ab
561 1464 646 1520 aaa.
657 1469 710 1517 250
728 1463 828 1546 utique
846 1464 917 1531 cod,
936 1464 1042 1518 servari
1059 1464 1186 1518 colebant

167 1537 322 1594 &acanus
340 1537 425 1592 Auel.
441 1541 475 1590 82
498 1536 524 1591 et
542 1535 744 1591 Soboemuacue
766 1553 857 1605 opusc.
880 1537 958 1590 acad.
972 1533 1012 1587 IV
1027 1538 1079 1588 296
1134 1533 1185 1587 ad-

166 1624 264 1662 senum
278 1609 335 1663 cod.
387 1605 492 1662 sorbilo
506 1607 650 1662 Bentleius
668 1605 787 1661 sorbitio
801 1608 859 1662 cod.
879 1604 1020 1660 sonticum
1031 1605 1185 1660 &suenus

638 1756 714 1816 vm

165 1857 340 1946 proagoro
364 1863 408 1946 es,
432 1882 506 1924 cum
528 1859 577 1924 mr
599 1858 732 1946 lassas,
755 1825 810 1923 sed
833 1842 968 1922 arrosa

236 1981 335 2036 Festus
358 1999 385 2051 p.
401 1987 453 2035 229
467 1981 505 2036 M.
531 1979 762 2051 ‘prodegeris
787 1979 992 2049 consumpseris
1017 1977 1183 2050 perdideris,
1244 2038 1246 2042 ,

165 2054 198 2106 ut
216 2051 355 2108 Caecilius
373 2051 404 2105 in
422 2052 559 2122 Hymni:
578 2051 738 2122 prodigere’
759 2067 782 2106 e.
798 2068 824 2119 q.
841 2069 862 2107 s.

78 2189 81 2194 ·
236 2161 266 2213 et
283 2160 382 2228 sumpsi
405 2161 449 2213 est
466 2161 524 2215 cod.
583 2158 625 2212 nil
643 2159 763 2214 Bolbiue
785 2156 858 2210 nihil
877 2159 934 2213 cod.
994 2157 1044 2212 ted
1066 2146 1185 2211 inridier

164 2229 274 2286 Neuius
295 2231 324 2284 te
347 2229 465 2284 inridier
487 2231 544 2285 cod.
568 2231 616 2300 (cf.
636 2229 782 2284 Diouwdes
800 2247 830 2298 p.
846 2233 899 2284 378
914 2229 958 2297 Ρ.)
983 2229 1012 2283 te
1036 2227 1185 2282 inridericr

164 2301 304 2358 Ducarius
654 2379 697 2437 IX

113 2461 283 2528 74¹nudius
306 2464 422 2528 tertius

237 2583 381 2640 Charisius
390 2603 417 2655 p.
428 2589 479 2638 185
487 2584 517 2639 P.
530 2583 670 2638 ‘nudius
684 2583 812 2638 tertius
828 2582 967 2650 Caecilius
981 2583 1012 2637 in
1022 2583 1183 2653 Hymnide’

329 2751 672 2814 HYPOBOLIMAHVS
695 2752 758 2812 sive
782 2751 1022 2812 SVBDITIVOS
1139 2803 1142 2808 .

236 2871 288 2926 De‘
300 2869 384 2924 huius
406 2869 523 2924 fabulae
546 2870 713 2940 argumento
737 2867 928 2924 coniecturam
947 2866 1044 2922 'facere
1062 2867 1131 2924 licet
1150 2885 1184 2923 ex

164 2941 299 2997 Varronis
313 2942 349 2997 de
362 2958 392 2996 re
405 2941 606 3010 rust.H11‚11
626 2939 689 2995 loco
710 2941 812 3010 ‘neque
826 2957 885 2994 non
898 2939 1040 3008 quaedam
1052 2939 1184 2995 nationes
1248 2997 1251 3004 ,
1333 2935 1334 2964 r

164 3014 275 3068 harum'
300 3016 348 3084 (sc.
373 3015 532 3084 caprarum)
557 3011 690 3082 ‘pellibus
714 3015 781 3070 sunt
803 3011 926 3066 uestitae
999 3010 1078 3066 cuius
1101 3030 1184 3066 usum

165 3084 393 3154 apudantiquos
412 3100 524 3153 quoque
541 3082 663 3138 Graecos
682 3082 769 3142 fluisse
789 3085 909 3153 oportet,
928 3081 1005 3150 quod
1023 3081 1054 3136 in
1071 3085 1184 3154 tragoe-

165 3155 220 3209 diis
244 3171 324 3210 senes
347 3157 384 3210 ab
407 3156 461 3210 hac
483 3153 559 3224 pelle
581 3157 720 3209 uocantur
742 3151 905 3224 διφθερίαι,
929 3155 958 3208 et
980 3152 1012 3207 in
1029 3153 1183 3210 comoediis

164 3225 277 3294 quiin
295 3226 427 3282 rustico
447 3242 550 3296 opere
568 3227 759 3296 morantur,
779 3227 816 3280 ut
835 3225 924 3296 apud
939 3224 1130 3280 Caecilium
1149 3225 1185 3280 in
1219 3226 1222 3232 '

164 3297 438 3366 Hypobolimaeo
470 3297 576 3352 habet
608 3297 825 3366 adulescens,
860 3297 936 3368 apud
963 3295 1126 3352 Terentium
1153 3296 1184 3350 in

144 3427 146 3430 ⁵
164 3367 466 3424 Hauto'ntimorumeno
481 3369 585 3424 senex.’
614 3368 687 3422 Hine
701 3368 777 3423 enim
790 3369 972 3423 confirmatur
986 3367 1063 3436 quod
1076 3366 1184 3423 Meina-

163 3438 229 3492 lrius
247 3439 321 3496 Men.
338 3459 366 3510 p.
382 3447 434 3496 172
453 3442 602 3509 statuerat,
621 3457 656 3494 ex
673 3439 898 3510 Hypobolimaeo
916 3438 1010 3509 petita
1028 3455 1089 3494 esse
1107 3455 1182 3508 quac

164 3512 263 3564 narrat
281 3509 376 3566 Cicero
394 3530 445 3582 pro
464 3513 545 3568 Rosc.
564 3511 625 3568 Am.
642 3517 688 3582 16,
702 3517 738 3567 46
758 3511 872 3580 ‘ecquid
894 3510 1010 3566 tandem
1027 3509 1083 3564 tibi
1101 3509 1182 3564 uide·

164 3582 219 3650 tur,
229 3583 262 3636 ut
272 3582 309 3635 ad
318 3582 431 3638 fabulas
440 3584 713 3653 ueniamus‚·senex
728 3583 790 3652 ille
801 3581 1023 3638 Caecilianus
1038 3581 1182 3636 minoris
