2696 3946
180 217 245 283 104
508 215 645 270 SEXTVS
664 213 856 270 TVRPILIVS

181 450 190 477 τ
250 377 349 431 Festus
367 395 394 447 p.
406 382 456 430 361
470 377 507 430 M.
529 376 703 445 ‘tappete’
723 374 767 445 (cf.
788 374 960 456 Ritschelius
980 391 1073 456 opusc.
1089 374 1115 430 H
1129 376 1194 445 691)

245 449 614 575 Metellae
627 490 659 571 a·
678 448 729 572 l?
746 445 863 572 llll
880 448 1124 572 Milic·
1141 489 1193 571 a

179 593 299 661 tappet.
316 633 322 646 .
338 635 344 645 .
360 634 366 646 .
384 632 390 645 .
405 634 411 646 .
428 591 445 645 .’
484 589 524 644 cf.
543 587 598 644 inc.
616 588 675 643 fab.
693 588 740 642 111.

570 790 805 850 DMMXVRGVS

251 911 293 964 Ex
311 908 460 964 Menandri
478 907 577 962 fabula
596 905 762 977 cognomine
781 907 923 975 quadrant
941 905 1012 961 haec
1030 906 1073 972 (tr.
1085 907 1195 976 114,Κ.)
1215 925 1218 934 ·

180 980 317 1052 μακάριος
336 980 410 1044 ὅστις
428 981 528 1034 οὐσίαν
546 979 596 1033 aod
614 987 684 1033 νοῦν
708 977 777 1048 ἔχει’
802 981 912 1046 Χρῆται
934 977 988 1048 γὰρ
1013 973 1093 1042 οὗτος
1117 977 1194 1042 eled

181 1055 227 1108 del
243 1053 330 1124 ταύτῃ
349 1055 439 1114 καλῶς
457 1050 494 1104 ad
512 1049 545 1104 fr.
559 1049 594 1118 H,
613 1065 786 1118 quamquam
803 1048 835 1102 id
852 1047 967 1118 propius
983 1048 1070 1104 etiam
1084 1049 1195 1104 accedit

181 1124 218 1178 ad
236 1123 311 1177 hunc
329 1139 363 1178 ex
381 1120 500 1176 Boeotia
517 1119 667 1174 Menandri
685 1136 797 1174 versum
813 1120 862 1190 (Ml
879 1120 917 1175 M.
937 1125 971 1174 90
989 1119 1047 1190 K.):
1074 1124 1194 1184 πλοῦτος
1256 1180 1257 1184 ,
1336 1153 1337 1156 =

181 1193 213 1250 oi
232 1197 340 1250 πολλῶν
360 1189 528 1263 ἐπικάλυμμ’
549 1190 624 1246 ἐστὶν
642 1200 746 1248 κακῶν.
766 1190 818 1261 (cf.
838 1193 908 1246 sent.
927 1190 1076 1245 Menandri
1094 1191 1192 1248 Vrbin.

182 1265 204 1320 Ο
225 1271 240 1319 6
260 1265 303 1320 ed.
323 1265 372 1332 M.)
392 1262 522 1318 Ceterum
545 1261 723 1332 adulescens,
748 1261 797 1330 qui
820 1278 884 1316 cum
902 1261 1048 1322 meretrice
1066 1279 1126 1316 rem
1144 1263 1195 1316 ha-

180 1337 282 1390 buerat
309 1336 332 1406 (l
355 1335 406 1390 IV:
435 1333 469 1388 cf.
488 1334 538 1403 V),
566 1333 716 1388 honestum
742 1349 806 1388 cum
827 1331 937 1403 virgine
956 1333 1080 1401 quadam
1097 1333 1195 1388 matri-

180 1407 306 1462 monium
324 1405 395 1460 inire
414 1404 525 1475 cogitur
543 1404 609 1474 (ΠΙ).

677 1520 693 1578 Ι

180 1620 270 1708 Ergo
294 1621 408 1706 edepol
431 1621 525 1686 docte
548 1619 633 1685 dico:
657 1584 738 1704 qu'ae
762 1620 879 1684 mulier
900 1621 991 1685 uolet

181 1727 257 1793 Sibi
276 1749 371 1792 suum
394 1728 533 1792 amicum
557 1749 624 1792 esse
647 1725 868 1813 indulgentem
893 1730 926 1792 et
949 1727 1124 1815 didacum,
1184 1761 1186 1765 ·

180 1833 306 1898 Modica
329 1835 426 1918 itque
449 1855 544 1919 perce
567 1834 636 1898 eius
658 1834 779 1898 seruiat
802 1833 976 1918 cupidines.

250 1955 359 2010 Nonius
379 1962 443 2025 319,
463 1962 498 2010 96
523 1954 707 2010 ‘modicum
734 1957 844 2009 ueteres
871 1955 1048 2010 moderatum
1076 1958 1105 2010 et
1133 1966 1196 2011 cum'

179 2026 275 2081 modo'
295 2026 347 2096 (ita
365 2027 430 2082 Vat.
450 2033 520 2082 9916
540 2026 709 2080 ‘commodo'
730 2025 826 2096 ceteri)
848 2025 915 2080 ‘dici
934 2026 1035 2081 uolunt
1055 2071 1060 2081 .
1077 2071 1082 2081 .
1099 2028 1117 2082 .'

253 2138 267 2185 1
283 2149 349 2202 ergo
363 2145 395 2202 ψ,
414 2149 465 2188 oa.
480 2132 541 2188 W1:
559 2133 594 2200 cf.
605 2132 705 2188 Plauti
719 2131 797 2202 Capi.
809 2138 878 2188 1017
893 2134 968 2188 Pere.
984 2139 1019 2187 94
1032 2141 1058 2188 et
1075 2135 1196 2189 Terentii

180 2204 285 2272 adelph.
301 2209 353 2258 969
368 2220 420 2272 ego
436 2204 523 2258 Vatic.
537 2208 616 2272 9916,
635 2203 783 2259 Acidaliae
796 2205 829 2258 ia
843 2203 921 2260 Orac.
937 2222 959 2260 c.
974 2210 990 2258 6
1010 2205 1093 2258 domo
1107 2205 1195 2276 Bery-

180 2276 242 2329 kiae
260 2291 349 2344 opaec.
363 2274 452 2346 1395,
472 2290 538 2344 ergo
557 2291 591 2329 ea
608 2273 761 2345 Demiurgo
777 2291 923 2344 perperam
940 2278 1091 2345 repetitam,
1111 2275 1194 2330 domo

181 2352 271 2400 catera
285 2352 398 2416 propter
411 2345 503 2414 modo,
518 2347 590 2416 qaod
602 2347 690 2415 paalc
704 2352 767 2401 aate
782 2347 895 2417 locatur,
910 2348 1040 2401 amaeam
1053 2363 1107 2402 ecee
1120 2349 1194 2402 coai-

180 2417 267 2483 cieae;
293 2419 340 2471 eed
361 2416 445 2470 modo
469 2418 545 2472 ietad
566 2433 653 2486 enarra
680 2418 712 2470 ia
739 2418 861 2472 lemmate
888 2424 964 2472 catat
990 2425 1054 2473 cate
1076 2419 1195 2488 qaaipa

179 2488 316 2556 exempla!
383 2486 484 2542 mulier
502 2503 575 2555 quae
595 2487 770 2556 Graatoffiae
838 2493 854 2541 9
873 2505 955 2541 suum
974 2487 1044 2543 sibi:
1063 2491 1096 2543 de
1113 2491 1195 2545 collo-
1277 2529 1294 2546 .

180 2559 286 2613 ceticae
305 2559 340 2626 cf.
356 2560 447 2614 coroll.
462 2557 578 2612 XXXIV
650 2575 731 2611 suum
750 2557 872 2612 amicum
890 2559 1038 2614 Acidaliae
1057 2577 1195 2631 summam

180 2632 300 2697 (sumam
323 2630 383 2685 Vei.
404 2645 512 2683 summa
536 2627 709 2699 ΒΘΗΒὲ)
733 2628 853 2683 amicam
876 2650 911 2697 a,
935 2647 1017 2683 suum
1040 2633 1194 2684 amatorem

182 2699 392 2756 CFWMaellcr
401 2701 512 2770 proeod.
523 2700 616 2755 Plcat.
628 2705 679 2753 969
735 2699 875 2754 diutinam
888 2702 974 2757 Vatia.
994 2701 1039 2755 De
1053 2700 1194 2754 didtinum

179 2773 253 2827 oocie
270 2789 398 2828 naastan
416 2772 450 2839 ef.
471 2771 573 2827 Pecaa.
595 2774 644 2824 181
766 2776 782 2824 3
801 2771 908 2825 semiat
926 2770 1072 2841 cupidines
1097 2773 1194 2841 Vatia,
1300 2785 1305 2790 ·

179 2841 330 2899 Acidaliae
348 2841 423 2896 serui
442 2841 479 2895 ad
498 2840 644 2911 cupidines
663 2862 685 2911 φ
704 2840 810 2896 sendat
828 2841 956 2912 cupidini
973 2843 1079 2899 Jaaiae
1229 2861 1233 2869 ’
1266 2863 1269 2870 ·

668 2992 700 3050 Π

126 3111 161 3159 40
181 3092 264 3170 Quia
286 3095 351 3158 n6n
374 3093 482 3158 minus
504 3113 555 3156 res
577 3090 742 3160 h6minem
766 3116 862 3179 quem
885 3097 995 3160 scutds
1018 3093 1109 3181 tegit.

252 3213 361 3268 Nonius
381 3221 441 3284 996,
462 3219 495 3269 19
516 3214 664 3268 ‘scutum
688 3214 799 3284 generis
817 3216 918 3272 neutri.
955 3214 1107 3271 Mesculini
1125 3214 1195 3268 Tur-

180 3285 268 3355 pilius
285 3285 451 3356 Demiurgo:
470 3284 548 3354 quiu’
569 3301 593 3339 e.
612 3302 638 3353 q.
659 3303 680 3340 s.

251 3391 397 3445 hominum
420 3393 459 3446 W

664 3471 711 3530 ΙΠ

181 3621 188 3637 .
213 3622 220 3636 .
245 3571 322 3656 quie
345 3571 431 3635 enim
455 3571 528 3637 odio
552 3593 589 3636 ec
612 3573 701 3638 senio
724 3571 770 3636 mi
792 3570 870 3636 haec
893 3575 970 3636 sunt
992 3571 1132 3656 ndptiae.
