2670 3948
469 205 655 290 CAECILIVS
675 207 826 263 STATIVS

622 375 671 434 HI

138 473 236 542 oram
258 476 400 562 reperire
422 477 560 564 millam,
584 499 648 562 qua
670 477 852 562 expediam,
876 499 967 562 queo.

207 607 308 661 Festus
326 626 354 677 p.
370 613 421 661 182
436 608 473 661 M.
496 609 591 662 ‘orae
611 610 752 662 extremae
770 609 866 677 partes
885 611 1036 678 terrarum,
1059 607 1090 661 id
1113 611 1157 663 est

137 677 297 732 maritimae
321 678 465 747 dicuntur,
489 679 564 733 unde
588 682 617 733 et
639 678 874 733 uestimentorum
895 683 1036 734 extremae
1054 682 1157 750 partes,
1271 712 1273 718 ·

138 765 210 818 quae
237 749 351 818 quidem
374 752 404 804 et
423 749 532 819 primae
552 749 609 804 dici
627 753 753 832 possunt.
793 749 931 804 Caecilius
951 750 981 804 in
1000 750 1158 806 ethrione

138 839 205 876 usus
225 824 269 874 θεὴ
285 837 336 890 pro
355 820 439 876 initio
458 821 512 890 rei,
533 839 596 875 cum
615 824 668 877 art:
689 822 777 876 oram’
799 837 822 875 e.
838 839 864 890 q.
880 839 900 876 s.
1177 831 1178 834 ’

210 952 268 1004 qua
281 935 441 1008 Speayelc'ae
460 954 545 1005 quam
558 939 626 1007 cod,
645 944 737 994 iaetwr
750 937 949 993 Loclcmonaus
964 939 997 992 ia
1010 937 1095 994 Lacr.
1107 943 1159 992 223

627 1105 671 1163 IV

141 1211 224 1279 Cum
237 1211 399 1279 Mercurio
419 1215 508 1299 cripit
526 1215 711 1302 consilium,
728 1217 901 1301 pdstquam
920 1215 1061 1280 sentinet
1074 1215 1162 1280 satis·
1242 1285 1243 1289 ,

211 1343 311 1398 Festus
323 1362 351 1414 p.
363 1349 415 1398 339
425 1344 463 1398 M.
483 1344 690 1414 ‘sentinare
710 1347 755 1400 sat
773 1363 866 1416 agere,
885 1346 993 1401 dictum
1008 1363 1025 1400 a
1039 1343 1160 1415 sentina,

139 1431 227 1484 quam
243 1415 351 1470 multae
371 1431 462 1484 aquae
479 1415 562 1470 nauis
582 1434 645 1471 cum
662 1415 777 1487 recipit,
798 1417 984 1486 periclitatur.
1022 1416 1160 1472 Caecilius

138 1487 170 1540 in
197 1485 373 1542 ethrione:
403 1487 477 1540 cum'
503 1503 525 1541 e.
546 1504 573 1555 q.
593 1505 613 1544 s.
650 1487 756 1542 Paulus
778 1507 805 1558 p.
822 1495 874 1542 338
888 1489 926 1544 M.
952 1487 1158 1558 ‘sentinare,

140 1559 185 1612 sat
204 1574 301 1628 agere,
321 1557 429 1612 dictum
447 1575 465 1612 a
483 1557 595 1612 sentina
612 1558 709 1628 nauis,
728 1576 814 1628 quam
832 1559 895 1628 quis
914 1562 947 1613 ut
966 1577 1040 1628 aqua
1057 1559 1161 1614 liberet

140 1645 279 1686 enecuere
302 1629 456 1684 contendit.
494 1629 592 1698 itaque
616 1629 758 1684 sentinare
780 1633 823 1685 θεὴ
844 1630 988 1686 subtiliter
1004 1629 1161 1700 periculum

140 1699 241 1754 uitare.
279 1699 432 1756 Caecilius:
452 1700 540 1772 capit’
562 1717 627 1770 eq.
643 1719 664 1756 s.
1244 1704 1251 1716 '

212 1815 262 1870 Aa
276 1823 340 1885 post
358 1815 508 1870 eonsilium
526 1817 641 1888 yronica
659 1817 921 1888 mierprmyendma,
944 1818 1053 1888 reliqua
1073 1819 1162 1874 oratio

139 1893 172 1942 ut
188 1903 246 1942 noa
265 1889 392 1942 absolata
410 1887 467 1944 cit?

639 1983 667 2041 V

139 2147 146 2160 .
168 2099 329 2180 actutum,
352 2093 466 2180 uoltis,
489 2069 683 2179 emptaest:
706 2094 820 2182 uoltis,
842 2117 908 2160 non
931 2098 1040 2180 empta
1063 2097 1112 2160 est
1130 2147 1161 2162 ..
1199 2114 1215 2164 5

211 2234 364 2289 Diomedes
382 2252 410 2303 p.
426 2239 477 2288 381
492 2233 522 2288 P.
544 2233 632 2303 ‘apud
650 2235 759 2288 veteres
778 2233 931 2303 reperimus
946 2232 976 2286 id
990 2235 1067 2302 quod
1081 2235 1161 2288 nolu-

142 2324 217 2374 mus,
241 2323 300 2360 non
322 2303 411 2358 uultis
428 2321 447 2361 ε
465 2306 499 2358 ut
516 2307 561 2358 est
582 2304 617 2358 in
635 2303 826 2359 Aethrione
848 2305 938 2374 apud
957 2305 1162 2362 Caecilium:

144 2379 273 2432 actutum
290 2376 390 2430 uultis’
411 2392 476 2444 eq.
492 2393 513 2431 s.
550 2375 602 2446 (sic
621 2375 711 2428 edidit
729 2375 763 2430 H.
778 2375 895 2431 Keilius.
928 2375 962 2429 in
982 2376 1162 2432 etherione

143 2449 234 2518 apud
253 2444 414 2501 lucilium
431 2445 714 2502 PerissABMonao.
751 2445 787 2500 in
810 2446 983 2502 etheriore
1003 2448 1093 2518 apud
1110 2448 1163 2502 lu·
1210 2446 1212 2450 ’

143 2519 264 2573 cilium
292 2519 357 2573 ‘ma
387 2517 460 2573 cod’
491 2517 519 2573 C.
544 2517 669 2588 Scioppii
697 2518 787 2588 apud
814 2517 973 2578 lucilium
1001 2519 1064 2574 edd.
1093 2522 1161 2574 vett.

144 2591 234 2660 apud
252 2588 444 2644 Caecilium
463 2588 613 2643 Statium
631 2589 651 2642 I.
666 2589 807 2644 Beckerus
826 2587 927 2644 Philol.
942 2589 983 2644 Ν
998 2593 1041 2660 78)

214 2715 348 2785 &impare
366 2715 457 2784 poesia
484 2716 537 2784 age
564 2713 623 2768 iam
649 2715 691 2769 vel
718 2713 795 2784 agite
852 2715 979 2768 actutum
1001 2715 1103 2769 receati
1127 2732 1162 2770 m.
1220 2688 1221 2693 ἵ

143 2789 294 2856 nemetiam
310 2788 343 2841 ria
356 2785 470 2842 Mortuo.
490 2784 615 2868 actisum
628 2785 720 2884 {oris
730 2785 759 2912 reli
769 2783 907 2912 ’agffiffi
924 2785 1160 2910 Ριῖεεε.1ξ)ῃὴξοῐίιό
1178 2869 1181 2874 ¹

144 2873 193 2985 ΖΞ.
206 2859 273 2983 iffi
289 2863 355 2996 greiti,
378 2855 738 2996 atellewmffssltrlgt,ngasso
760 2901 765 2911 ι
795 2873 986 2997 scpumpri'nan
1003 2928 1045 2982 uel
1063 2926 1163 2980 eadem

147 2999 199 3056 erit
216 3001 259 3056 cel
278 3001 322 3053 est
339 2999 411 3054 item
429 2999 588 3056 concludere
601 3001 695 3068 potuit

573 3183 741 3244 anunm
819 3142 821 3146 ¹

146 3317 151 3330 ·
216 3299 349 3354 Andria
381 3300 486 3356 Caecili
512 3317 581 3354 num
607 3302 683 3355 recte
714 3299 822 3354 feratur
850 3298 964 3353 dubitat
991 3299 1164 3355 Ritschelius

145 3373 259 3442 Parerg.
273 3373 287 3426 I
302 3377 366 3442 133,
391 3373 467 3440 quod
490 3389 554 3426 cum
577 3389 611 3426 ex
630 3370 744 3426 Graecis
763 3369 930 3424 Menandria
949 3370 1010 3426 sola
1027 3375 1097 3426 nota
1116 3373 1161 3440 ait,

147 3443 171 3498 si
189 3443 322 3513 eandem,
342 3461 428 3512 quam
446 3442 585 3498 Caecilius
604 3442 672 3498 olim
691 3443 820 3512 dederat,
839 3443 965 3512 repetere
985 3459 1069 3496 ausus
1088 3447 1163 3497 esset

146 3514 309 3584 Terentius,
334 3513 383 3568 vix
406 3513 433 3568 ei
455 3514 486 3568 in
507 3515 625 3584 prologo
650 3514 685 3568 dc
709 3530 743 3568 ea
765 3530 796 3567 re
818 3515 913 3568 tacere
936 3512 1070 3569 licuisset.
1109 3513 1165 3568 Sed

147 3585 284 3640 Andrea
301 3587 397 3654 potest
415 3585 461 3640 vel
477 3583 605 3656 Ἀνδρέας
623 3584 668 3639 vel
687 3591 761 3656 (cum
775 3584 959 3655 Dniatzkone)
976 3582 1101 3654 Ἀνδρεία
1119 3584 1163 3637 in-
