2696 3946
196 171 239 236 92
527 169 713 227 CAECILIVS
732 169 882 226 STATIVS

666 339 749 398 XXX

142 457 196 508 280
288 435 334 505 Di
355 439 448 506 boui!
472 441 550 526 quid
572 439 659 506 hcc?

274 561 391 616 Rufinus
418 562 453 616 de
478 561 576 616 metris
602 579 672 617 com.
693 561 760 617 CCL
780 561 941 616 1155111.
980 562 1079 616 ‘Varro
1105 562 1135 616 in
1153 562 1217 620 VH:

202 632 380 688 clausulas
399 650 510 702 quoque
525 629 650 704 'primum
665 633 823 703 appellatas
838 633 943 702 dicunt,
963 633 1040 702 quod
1054 633 1219 688 clauderent

203 703 382 773 sententiam,
401 707 434 758 ut
449 704 525 775 apud
538 704 666 760 Acciumz
688 721 725 758 an
737 705 808 758 haec
822 703 880 758 iam
894 703 978 758 obliti
994 708 1060 758 sunt
1072 705 1218 776 Phryges?

202 775 276 830 Non
293 793 467 844 nunquam
486 776 526 830 ab
545 775 598 830 his
617 773 759 829 initium
777 774 834 843 fit,
853 779 886 830 ut
905 776 980 845 apud
997 775 1162 832 Caecilium:
1182 775 1222 829 di.

203 845 285 901 boni
304 846 486 914 quidhoc?
505 847 581 917 apud
599 845 777 902 Terentium:
797 845 950 901 discrucior
968 845 1075 901 animi’

276 954 439 1024 Tripodiom
461 955 545 1008 boob.
565 955 646 1010 catab.
661 960 780 1023 posceret
801 955 833 1008 io
855 955 962 1009 cautim
979 956 1021 1010 oet
1039 955 1159 1010 trochaei
1176 955 1219 1008 oei

201 1026 288 1080 iambi
305 1025 347 1081 oei
365 1025 458 1080 cretici
475 1025 516 1079 oet
535 1027 643 1081 bacctoi
660 1027 745 1080 secuti
757 1026 856 1093 faieeo:
873 1027 966 1080 mimus
979 1025 1138 1094 probabilia
1151 1041 1218 1094 pro-
1332 1069 1342 1096 ,i

202 1098 268 1152 tulit
281 1096 463 1153 Hermerotis
480 1097 620 1151 11111181
635 1098 698 1167 opit.
714 1102 756 1150 70.
795 1096 837 1164 Cfi
852 1103 996 1166 proclamo
1013 1095 1219 1152 Studemouiue

109 1179 111 1184 '
199 1169 232 1224 oe
250 1174 322 1224 coiit.
341 1167 472 1222 Pleuit

648 1246 767 1304 XXXI*

200 1395 335 1412 .....
360 1347 379 1411 ό
403 1346 512 1411 tristes
535 1347 686 1432 iniptias!

274 1467 381 1522 Seneca
404 1467 485 1538 epist.
508 1473 567 1538 113,
587 1476 620 1524 26
642 1469 727 1524 ‘haec
755 1469 931 1539 disputamus
959 1467 1096 1523 adtractis
1122 1483 1219 1538 super-

204 1537 290 1608 ciliis,
313 1538 406 1592 fronte
428 1555 539 1609 rugosa.
559 1556 617 1594 non
639 1557 754 1610 possum
776 1541 830 1595 hoc
853 1540 915 1595 loco
939 1540 1031 1594 (licere
1055 1539 1127 1593 illud
1150 1539 1219 1594 Cae-

201 1608 349 1666 cilianum:
378 1626 394 1664 o
418 1609 541 1664 tristes
564 1610 730 1680 ineptias!
758 1611 895 1666 ridiculae
923 1613 1008 1666 sunt.’
1047 1609 1218 1666 Caecilia-

202 1681 292 1804 nulm]
308 1679 771 1807 0³0¹i³¹flm.¹3³”,²b·.l0⁵tgdssue
787 1682 1001 1752 cicilianum,
1017 1681 1218 1750 caeciliani,

202 1767 674 1822 ceanum,ce1anrceenco
716 1797 722 1807 .

652 1885 765 1943 XXXII

198 2033 333 2050 .....
356 1982 512 2050 incolumi
534 1985 704 2050 inscicintia

273 2079 378 2160 Fronto
408 2105 489 2176 epist.
508 2107 569 2161 Π6
592 2126 619 2177 p.
641 2113 673 2161 31
692 2107 765 2162 Nab.
788 2107 890 2178 ‘igitur
916 2124 1007 2177 paene
1034 2125 1079 2163 me
1108 2107 1219 2178 opicum

202 2177 377 2232 animantem
400 2177 437 2231 ad
461 2175 598 2232 Graecam
621 2178 788 2248 scripturam
810 2175 994 2248 perpulenmt
1018 2179 1157 2250 homines,
1186 2183 1220 2234 ut

203 2247 342 2305 Caecilius
362 2245 416 2318 ait,
435 2247 600 2303 incolumi
619 2249 828 2304 inscientia?

643 2419 772 2478 XXXIII

200 2502 322 2598 uallata
344 2501 441 2588 gula,

273 2621 435 2677 Macrobius
455 2621 513 2678 Sat.
528 2623 567 2676 ΠΙ
583 2628 615 2677 15
629 2623 665 2690 (Π
680 2627 733 2694 11),
749 2630 765 2678 9
786 2624 847 2678 ‘sed
866 2623 928 2692 quis
946 2625 1033 2693 neget
1048 2622 1219 2677 indomitam

202 2693 279 2764 apud
297 2693 363 2748 illos
382 2696 419 2762 et,
439 2697 472 2748 ut
490 2693 531 2748 ait
551 2693 701 2764 Caecilius,
721 2694 890 2750 uallatam
907 2695 1022 2764 gulam
1040 2692 1159 2749 fuisse?’

646 2863 772 2920 XXXIV

200 2945 316 3010 decora
339 2945 426 3010 domi

180 3131 182 3135 ι
218 3095 219 3098 ¹
272 3066 401 3122 Donatus
420 3067 450 3120 in
465 3067 526 3122 Ter.
542 3083 604 3122 eun.
622 3067 661 3122 IV
676 3071 700 3137 7,
715 3072 749 3122 45
770 3068 857 3123 ‘domi
877 3069 905 3122 et
923 3067 980 3122 foci
998 3067 1125 3138 genetiui
1144 3070 1218 3123 suut.

202 3136 356 3194 Caecilius:
376 3139 501 3193 deeora
520 3137 629 3193 domi!

657 3271 767 3329 XXXV

148 3365 200 3414 285
211 3351 361 3438 glabrum
385 3357 492 3438 tapete

275 3472 384 3528 Nonius
398 3480 464 3544 229,
483 3481 500 3528 4
522 3476 628 3545 ‘tapete
655 3475 766 3546 generis
794 3475 894 3530 neutri.
932 3476 1074 3546 Turpilius
1105 3481 1167 3547 217)
1188 3480 1232 3531 et·

205 3543 357 3600 Caecilius:
381 3545 538 3614 glabrum
556 3549 694 3617 tapete'
733 3547 848 3603 Caecilii
865 3547 1030 3602 memoriam
1049 3547 1169 3603 seeudit
1191 3567 1218 3604 x.
