2696 3946
172 223 235 288 102
500 217 639 277 fluxuve
657 216 861 277 uvapmvs·

626 397 628 402 '
643 389 671 448 V

168 487 238 557 Nee
260 493 346 556 reete
369 489 432 556 diei
455 490 537 556 mihi
561 509 643 576 quae
665 390 730 556 iilm
754 491 873 555 dudum
897 488 1001 554 audio.

241 613 339 668 Festus
356 632 383 695 p.
400 619 451 668 162
468 613 505 670 M.
527 613 602 668 ‘nee
621 611 848 668 coniunctionem
864 609 1043 680 grammatici
1061 607 1119 664 fere
1138 607 1181 662 di·

170 686 239 740 eunt
256 700 317 738 esse
335 683 549 754 disiunctum,
567 688 600 738 ut
618 701 670 738 nee
688 682 759 754 legit
777 699 829 736 nec
848 681 959 750 scribit,
978 698 1054 749 cum,
1074 680 1099 735 si
1117 679 1182 733 dili-

169 753 282 824 gentius
309 753 489 826 inspiciatur,
517 757 550 809 ut
571 755 641 810 feeit
664 753 777 809 Sinnius
801 752 914 822 Capite,
937 750 1067 822 intellegi
1090 750 1182 821 possit

170 843 233 880 eam
254 825 379 896 positam
401 842 462 882 esse
486 826 522 880 ab
547 823 671 894 antiquis
694 841 745 895 pro
768 841 825 879 non
844 857 878 865 —
897 856 931 864 -
951 824 1027 893 apud
1049 819 1183 876 Plautum

169 896 200 950 in
213 897 358 954 Fasmete:
376 914 429 952 nee
442 899 518 952 recte
533 897 557 950 si
570 896 616 950 illi
630 895 745 951 diueris’
766 898 795 950 et
809 893 968 965 Turpilium
980 894 1011 948 in
1024 892 1181 949 Demetrio:

169 969 232 1022 nee‘
253 985 276 1023 e.
297 986 323 1037 q.
343 987 364 1024 s.
401 968 506 1022 Paulus
524 986 552 1037 p.
574 973 623 1022 168
642 969 679 1022 M.
702 968 778 1022 ‘nee
797 1011 802 1020 .
819 1010 825 1022 .
841 1010 847 1022 .
866 965 981 1036 ponitur
1000 968 1029 1020 et
1046 982 1097 1036 pro
1116 981 1182 1020 non.

169 1038 328 1109 Turpilius:
347 1041 410 1095 nec’
431 1056 455 1094 e.
475 1056 501 1107 q.
521 1056 542 1094 s.

167 1201 169 1206 ,
241 1161 314 1214 quae
333 1141 371 1200 H.
392 1143 502 1201 Kalius
520 1159 574 1214 que
592 1146 649 1201 cod.
670 1143 756 1214 Festi,
774 1159 825 1199 om.
845 1141 953 1198 Paulae

117 1431 151 1480 25
170 1413 279 1478 Etiam
302 1435 354 1479 me
377 1413 499 1500 irrides,
521 1414 659 1499 pessime
683 1436 719 1478 ae
742 1412 934 1478 sacerrime?

241 1533 350 1588 Nonius
369 1540 430 1604 397,
450 1540 484 1588 28
505 1535 653 1589 ‘sacrum
679 1533 766 1589 etiam
784 1534 934 1589 scelestum
952 1536 982 1588 et
999 1533 1183 1602 detestabile3

170 1605 213 1659 ita
231 1608 260 1659 et
278 1608 473 1660 consecratum
492 1649 498 1661 .
514 1649 520 1660 .
536 1650 542 1662 .
558 1607 576 1660 .'

243 1710 329 1766 etiam
343 1714 418 1782 (post
431 1711 600 1782 Demetrius)
614 1711 756 1767 BGH¹L
770 1713 820 1766 sed
840 1711 898 1766 iam
913 1711 947 1766 H
951 1709 1010 1767 ’W
1024 1714 1067 1766 set
1085 1711 1143 1766 ium
1160 1733 1183 1782 φ
1267 1765 1270 1772 Δ

224 1779 324 1856 irrides
342 1783 460 1839 Botulus
478 1778 597 1838 irridens
617 1801 638 1837 ω

655 1934 698 1992 IX

170 2031 276 2118 ‘Nem
289 2033 316 2097 si
338 2032 433 2098 ieeris
455 2056 507 2100 me
528 2034 677 2120 p6sthse‚
700 2034 810 2098 eredas
832 2033 915 2098 milri
938 2034 1048 2098 uelim'

169 2137 293 2222 lnquit,
316 2139 394 2223 quid
416 2139 547 2205 censes?
571 2178 613 2186 -
637 2133 719 2204 Tum
743 2139 866 2205 dolebit
888 2139 1020 2205 seilicet.

240 2259 485 2329 Nonius124,11
512 2259 592 2314 ‘icit
618 2257 761 2330 signifieat
787 2260 922 2330 percutit,
951 2261 987 2314 ab
1014 2260 1072 2315 ictu
1097 2261 1182 2315 ....'

170 2330 265 2384 Plauti
283 2329 411 2385 Stichum
429 2349 455 2385 v.
475 2336 526 2386 345
546 2330 707 2402 comparavi
726 2331 822 2388 eoroll.
841 2328 965 2386 XXXIII.

242 2442 256 2490 1
276 2453 343 2491 nam
361 2438 419 2492 edd.
438 2454 543 2491 nanam
560 2459 582 2492 ω
651 2444 666 2492 2
686 2437 755 2506 quid
773 2446 888 2494 censes?
906 2440 967 2492 tum
987 2407 1105 2494 Boetius
1122 2439 1184 2492 tum

170 2507 240 2576 quid
258 2524 354 2562 censes
373 2528 394 2562 ω

662 2623 689 2681 Χ

171 2723 279 2789 Homo
303 2723 398 2788 unica
420 2727 469 2788 est
491 2727 607 2788 natura
630 2746 666 2789 au
689 2724 875 2810 singuliria

242 2843 350 2899 Nonius
369 2850 431 2912 491,
451 2851 466 2900 1
487 2843 698 2914 ‘singularia
716 2861 770 2914 pro
787 2844 943 2916 singulari!

655 3013 698 3072 XI
1030 3071 1031 3076 ,

171 3111 254 3178 Vide
276 3112 396 3178 mirum
419 3113 584 3198 ingenium
608 3135 644 3178 ae
668 3111 866 3178 delenificam
889 3111 1072 3179 mulierem:

118 3237 153 3286 30
173 3218 359 3286 (lomm6rat
381 3219 544 3285 hominem
567 3217 716 3285 lacrimis.

191 3411 202 3464 l
242 3339 351 3464 ὶῖοηξιιε
374 3344 474 3408 278,1
501 3341 510 3368 ‘
518 3340 706 3410 delenitus,
735 3341 771 3396 ad
798 3343 924 3396 nostram
952 3339 1185 3398 consuetudinem

172 3427 309 3481 pansus.

172 3587 200 3643 B
217 3522 258 3644 ml
279 3515 455 3571 delenificam
473 3520 532 3575 edd.
562 3518 709 3574 delenifica
728 3541 748 3574 ω
839 3517 1017 3573 delenificum
1035 3517 1183 3574 mulierum

201 3605 217 3644 o
246 3605 291 3643 sus
764 3609 767 3617 ’
