2696 3946
138 159 182 224 84
467 155 653 212 OAEOILIVS
673 155 824 212 STATIVS

209 317 317 374 Gellius
336 318 375 372 Π
394 317 465 398 (ΠΙ)
486 323 510 386 7,
529 323 545 370 9
567 299 758 398 ‘adprobas
781 319 889 384 tamen,
913 315 990 383 quod
1009 314 1152 396 significat

137 389 222 444 ualde
240 389 354 470 probus,
372 405 429 442 non
447 361 554 442 infitias
574 405 607 443 eo
627 387 696 456 quin
714 387 805 458 prima
824 385 936 456 syllaba
954 385 1019 440 acui
1038 387 1228 442 debeat..

138 459 303 516 (1777111777Ι
294 479 325 513 in
344 458 502 528 comoedia,
526 476 600 528 quae
622 459 787 514 inscribitur
805 457 987 527 Triumphus,
1010 457 1152 512 uocabulo

137 532 193 586 isto
212 530 314 586 utitur.
333 530 487 596 Hierocles’
509 547 532 584 e.
554 549 579 599 q.
600 549 621 586 7

633 664 665 722 ΙΙ

136 765 232 831 Nunc
254 766 344 830 777777
366 764 509 856 malitiae
513 762 688 849 ,Astutia,
716 785 797 848 opus
825 765 874 828 777
901 763 1153 828 subcenturiare.

207 886 307 940 Festus
334 905 360 956 p.
381 891 433 942 306
457 887 494 940 M.
525 884 805 939 ‘succenturiare
833 888 877 938 est
904 884 1059 966 explendae
1088 901 1153 939 cen-

137 956 229 1011 7777177
256 957 352 1028 gratia
379 957 521 1026 supplere,
550 955 736 1010 subicere—
763 955 938 1010 Caecilius
929 974 960 1009 m
983 955 1151 1026 Triumpho,

137 1029 222 1082 nuuc'
243 1045 304 1098 eq
307 1047 352 1084 ..s
390 1027 494 1082 Paulus
514 1032 566 1082 307
585 1027 622 1082 Μ
648 1027 987 1081 ‘succenturiare—
1013 1027 1152 1097 supplere.

138 1048 304 1156 Caecilius:q
311 1100 395 1154 nune’
417 1115 440 1152 e.
460 1116 485 1166 q.
508 1115 528 1152 s

208 1205 494 1275 NumerosBerplcias
507 1205 648 1274 perspexit
636 1203 822 1260 7771117177
837 1203 915 1258 Festi
928 1206 985 1260 cod.
1032 1205 1154 1260 Hecatam

136 1279 170 1331 777
187 1277 303 1332 tmesi
321 1277 432 1330 71777777
450 1277 593 1332 inserendo
611 1276 717 1344 explevi
781 1274 992 1329 subcenturiare
1014 1275 1043 1330 O.
1059 1277 1153 1331 Mael-

138 1350 210 1402 leras
233 1345 414 1400 subcenturia
433 1347 509 1402 Festi
527 1349 584 1402 cccl
611 1345 789 1400 succenturia
808 1347 916 1401 Paulus
939 1345 1152 1401 subcenturiata

138 1420 200 1473 Bae
219 1417 425 1472 subcenturiari
444 1419 581 1488 Berytiua
654 1420 697 1472 777
716 1416 926 1471 succenturiata
944 1434 1014 1486 opus
1033 1419 1090 1474 Bet
1089 1419 1153 1472 177777

415 1587 469 1644 ΕΧ
492 1584 678 1646 INGERTIS
702 1583 874 1644 FABVLIS

637 1692 653 1750 Ι

87 1791 242 1859 7371171777
266 1793 351 1856 enim
375 1793 504 1858 demum
527 1793 573 1857 mi
596 1793 721 1858 animus
745 1793 844 1878 ardet,
866 1797 953 1856 minc
971 1815 1079 1857 meum
1097 1813 1154 1858 cor

727 1899 943 1966 cumulatur
933 1923 990 1964 777.

212 2019 307 2074 Cicero
334 2037 385 2102 pro
405 2019 500 2082 Caelio
521 2025 567 2088 16,
587 2025 621 2074 37
642 2020 740 2076 ‘redeo
763 2038 838 2075 nunc
862 2021 899 2074 ad
922 2023 964 2089 77,
993 2020 1084 2090 Caeli,
1112 2021 1155 2074 ui-

141 2089 243 2160 cissim,
263 2107 296 2144 ac
314 2089 384 2144 mihi
404 2091 603 2163 auctoritatem
620 2091 743 2160 patriam
766 2091 1002 2161 seueritatemque
1022 2092 1154 2173 suscipio.

141 2162 190 2215 sed
214 2135 313 2218 dirbito
336 2178 420 2230 quem
441 2166 552 2232 patrem
561 2153 752 2232 potissimum
776 2181 897 2220 sumam:
926 2162 1155 2261 Caecilianumne

140 2233 277 2302 aliquem,
305 2233 501 2287 uehementem
524 2236 610 2301 atque
634 2233 751 2289 durum?
788 2235 883 2289 Nune
911 2234 1014 2288 enim'
1042 2251 1065 2290 e
1085 2253 1112 2304 q.
1132 2253 1154 2290 s.

140 2304 218 2357 Idem
241 2304 276 2357 717
299 2303 344 2356 fin.
364 2304 434 2372 Π4,
455 2310 489 2357 14
509 2303 675 2386 ‘intellegas
693 2304 767 2358 inter
785 2305 866 2358 illum
885 2305 934 2374 qui
953 2305 1043 2361 dieat:
1071 2309 1155 2361 tanta

141 2373 254 2429 laetitia
268 2377 367 2428 auctus
386 2392 448 2428 sum
466 2378 499 2429 ut
516 2374 558 2428 nil
577 2376 695 2444 constet,
715 2377 744 2429 et
758 2391 822 2428 eum
836 2377 897 2445 qui:
916 2394 1004 2430 nunc
1023 2377 1155 2431 demum

141 2445 224 2500 mihi
244 2445 376 2500 animus
396 2446 506 2514 ardet,
526 2462 645 2514 quorum
663 2419 736 2500 alter
754 2446 867 2502 laetitia
880 2447 993 2517 gestiat,
1014 2448 1086 2504 alter
1106 2449 1155 2503 do-

141 2517 201 2572 lore
225 2516 377 2586 crucietur,
403 2533 463 2571 esse
488 2490 570 2570 illum
594 2517 765 2572 medium..
783 2517 857 2586 qui
878 2535 930 2574 nec
955 2519 1078 2574 laetetur
1102 2536 1155 2575 nec

142 2589 282 2658 angatur'
321 2587 512 2642 Caecilianum
538 2590 650 2657 patrem
678 2561 869 2653 Quintilianus
892 2589 979 2659 Χ11,
998 2597 1033 2646 39
1053 2591 1156 2646 Teren-

142 2659 221 2713 tiano
240 2677 276 2728 cp
297 2658 437 2714 77717111
461 2661 556 2713 autem
575 2658 652 2714 vel
643 2677 674 2712 m
692 2659 780 2714 Asotc
800 2659 1155 2732 (II)vel1nFallacia(I)

142 2730 219 2783 771
211 2748 241 2783 1n
264 2677 405 2798 liymide
424 2730 509 2801 (VllI)
533 2729 610 2784 vel
601 2749 633 2783 m
654 2729 841 2842 Pausimache
865 2731 923 2802 (IV)
946 2731 1036 2802 fingas
1059 2735 1155 2802 partes

142 2801 237 2856 fuisse.

142 2979 169 3045 Ο
194 2981 320 3066 infelix,
344 3004 362 3047 ο
386 2981 530 3046 7777177771

551 3087 570 3128 ²1<
724 3087 743 3129 ’t
810 3111 812 3114 ·

637 3132 656 3174 a<

143 3193 256 3279 Egrine
280 3194 358 3278 quid
382 3194 508 3259 dicam?
531 3217 615 3281 egon
638 3193 717 3278 quid
739 3195 861 3260 uelim?
884 3219 965 3280 quae
988 3201 1025 3261 tu
1048 3197 1158 3262 simnia

143 3299 221 3364 Tuis
244 3301 346 3365 foedis
369 3301 463 3365 factis
486 3301 621 3365 17717777
644 3301 841 3386 nequiquam
862 3303 970 3368 uelim.

552 3406 743 3448 *.*

637 3451 656 3493 a:

144 3511 243 3577 1777777
266 3511 301 3576 in
323 3513 524 3579 uicinitritem
548 3518 580 3580 te
603 3513 820 3580 meretriciam
