2670 3948
475 193 662 250 olsomrvs
681 194 832 250 aramus
1119 151 1163 260 ol·

638 363 667 420 V

141 462 309 549 Resupina
332 463 460 548 obstipo
485 465 628 548 capitulo
651 465 715 530 sibi
737 467 873 530 uentum
895 465 1000 530 facere
1019 465 1164 531 tunicula

214 586 316 640 Festus
355 589 428 640 ,193
447 585 484 640 Μ.
507 585 710 656 ‘obstipum
730 585 885 655 obliquum.
914 585 1022 640 Ennius
1042 619 1075 627 —
1095 575 1164 642 Cae-

143 657 226 712 cilius
244 656 275 711 in
293 656 338 712 im
366 673 435 712 ros:
454 655 599 727 resupina'
619 673 643 712 e.
654 675 680 726 q.
692 675 713 712 s.
725 656 764 730 (C.
774 657 805 711 in
818 656 942 712 imbris
957 657 989 712 0.
1000 657 1164 730 Muellerus)

129 771 132 777 '
159 835 189 889 ul
217 763 331 891 obpztipo
352 763 487 831 Cssuaias
506 762 614 818 obstito
632 765 690 820 cod.
798 762 926 820 tunicula
951 765 1068 822 Vraiuus
1086 765 1164 819 cuni-

143 853 158 890 c
190 853 208 890 a
226 852 257 892 co
279 879 284 890 .

631 913 675 972 VI

144 1015 226 1103 'Age
250 1037 319 1102 age,
337 1015 349 1079 i
367 1037 476 1100 puero,
500 1016 560 1080 ddo
583 1037 634 1080 me
658 1015 699 1079 ad
720 1015 844 1099 patrios
867 1014 950 1080 fines
970 1001 1155 1082 decoratum
1166 1033 1218 1084 100

734 1122 879 1206 opipare!

219 1225 380 1280 Priscianus
403 1243 430 1295 p.
446 1230 498 1279 697
517 1225 546 1280 P.
573 1224 631 1280 ‘hic
654 1227 684 1279 et
706 1224 777 1280 haec
794 1241 878 1296 puer
895 1223 1083 1279 uetustissimi
1100 1241 1165 1294 pro-

145 1296 247 1352 tulisse
274 1295 538 1352 inueniuntur...
563 1294 703 1350 Caecilius
730 1295 761 1349 in
788 1295 926 1352 Imbris:
955 1297 1023 1366 age’
1053 1312 1076 1351 e.
1096 1313 1123 1364 q.
1143 1314 1164 1350 s.

146 1367 281 1440 (Imbris
299 1366 459 1422 Memekius
478 1366 607 1421 umbris
626 1366 703 1437 libri)
740 1367 900 1421 Thesaurus
918 1383 982 1421 nov.
1001 1366 1063 1422 lat.
1082 1367 1113 1420 in
1131 1367 1164 1421 A.

145 1438 205 1494 Mai
228 1441 303 1494 auct.
323 1437 406 1494 class.
420 1438 486 1492 vm
504 1443 557 1494 390
577 1439 622 1492 ‘et
645 1437 711 1492 inde
738 1437 881 1508 opipare
905 1437 970 1493 adu.
990 1438 1037 1491 ·i·
1055 1438 1165 1492 habun-

146 1511 256 1579 danter,
274 1510 350 1564 unde
369 1508 524 1564 Caecilius:
544 1511 608 1580 age’
628 1526 653 1564 e.
667 1527 694 1578 q.
709 1527 730 1564 s.
759 1509 869 1563 Ibidem
886 1515 938 1564 407
960 1509 1000 1563 ‘et
1020 1509 1166 1564 sciendum

145 1582 223 1650 quod
242 1580 353 1650 antiqui
372 1580 507 1635 dicebant
524 1597 649 1650 puerus
674 1584 703 1635 et
724 1597 783 1634 non
804 1598 887 1651 puer,
913 1581 987 1635 unde
1011 1580 1164 1637 Caecilius:

145 1669 232 1722 puere
249 1668 335 1722 puero
356 1695 384 1736 ·.·
401 1697 406 1707 .
425 1652 515 1706 fines!

218 1774 272 1828 age
290 1774 344 1828 age
362 1757 374 1811 i
391 1774 477 1827 pucre
492 1759 574 1814 Vino.
594 1758 678 1830 Scap.
695 1759 812 1814 Curola'r.
833 1757 914 1814 Crat.
934 1773 987 1828 age
1007 1774 1060 1828 age
1078 1774 1164 1828 puere

148 1834 245 1900 (puero
263 1831 342 1885 scrut
359 1832 476 1884 oruata
489 1831 591 1902 Boap.)
608 1831 690 1888 ceteri
702 1831 779 1885 codd.
794 1829 938 1884 Praedam
956 1845 1009 1898 age
1028 1845 1082 1899 age
1095 1845 1166 1900 puer

146 1905 210 1958 ttae.
231 1907 284 1954 390
301 1917 387 1970 puero
405 1917 491 1970 puere
510 1903 582 1956 idom
599 1907 652 1954 407
719 1901 773 1954 duc
791 1917 866 1956 uuus
883 1902 941 1956 cod.
960 1900 1100 1972 Speapalaf
1118 1901 1166 1955 de-

146 1973 283 2028 ducatus.
302 1979 416 2043 atroque
435 1974 493 2028 loco
511 1972 582 2027 duce
601 1973 785 2042 Pramnio
858 1971 1058 2028 decoraratum
1075 1973 1164 2044 Borrq.

146 2045 290 2100 Rasoioai
308 2042 455 2098 decorauit
472 2045 535 2100 thes.
556 2049 608 2098 390

626 2158 687 2216 VH

146 2259 269 2324 Mirum
283 2260 362 2325 adeo
376 2260 440 2324 nisi
454 2261 555 2324 frater
569 2259 657 2325 domi
674 2259 816 2324 ebriatus
835 2258 965 2324 turbam
984 2258 1126 2344 aliquam
1141 2272 1219 2326 101la

685 2427 687 2433 ,
738 2365 834 2430 dedit.

217 2471 328 2524 Nonius
347 2475 435 2541 525st
457 2469 608 2525 ‘turbam
627 2472 656 2523 et
674 2470 773 2524 turbas
790 2468 933 2524 diuersam
946 2469 1047 2524 uolunt
1060 2470 1165 2524 habore

147 2541 397 2612 significationem,
422 2545 455 2596 ut
478 2540 517 2596 sit
534 2541 620 2595 turba
636 2540 736 2610 populi
754 2543 922 2609 conuentus,
949 2541 1050 2596 turbae
1068 2542 1165 2595 turba-

147 2613 249 2668 tiones.
286 2630 338 2667 nos
358 2615 457 2667 contra
474 2613 580 2668 lectum
598 2611 758 2666 inuenimus
777 2615 806 2666 et
824 2611 976 2672 indiscrete
993 2611 1118 2681 positum
1137 2615 1166 2666 et

147 2701 200 2754 pro
218 2683 309 2738 turbis
328 2685 442 2738 turbam
462 2729 467 2738 .
484 2728 488 2738 .
506 2729 511 2738 .
531 2682 671 2738 Caecilius
689 2683 720 2736 in
738 2683 851 2737 imbris:
871 2682 983 2736 mirum’
1005 2700 1028 2740 e.
1047 2701 1074 2751 q.
1094 2701 1115 2738 s.

221 2789 251 2844 ni
266 2791 294 2845 P
346 2789 472 2845 ebriatus
491 2791 554 2845 Bac
568 2807 636 2846 mus.
647 2790 734 2844 Rhea.
746 2795 789 2858 29,
801 2795 851 2843 197
866 2788 961 2844 ebrius
976 2809 997 2843 ω
1052 2788 1165 2842 turbam

148 2861 276 2930 aliquam
295 2861 406 2916 dederit
424 2861 518 2915 ebrius
533 2877 739 2930 proposueram,
757 2869 840 2917 actea
853 2862 1024 2916 sodomorum
1041 2861 1166 2928 frustula

148 2965 183 2974 -
203 2933 280 2987 domi
298 2931 392 2987 ebrius
410 2931 534 2986 Turbam
552 2950 573 2988 e.
593 2950 617 3002 q.
636 2949 657 2987 s.

619 3064 695 3123 vm
766 3019 768 3024 .

151 3126 189 3232 ..
214 3171 346 3233 cruento
370 3168 417 3232 ita
440 3169 495 3232 ore
519 3164 694 3252 grundibat
716 3165 822 3230 miser.

220 3289 330 3345 Nouius
349 3294 438 3360 soal
458 3287 636 3358 ‘grundire
655 3304 720 3341 cum
738 3286 776 3341 sit
792 3287 905 3358 proprie
923 3303 1005 3341 suum
1079 3283 1183 3346 etiam

149 3361 296 3416 hominum
313 3377 375 3416 esse
393 3359 559 3430 grunditum
577 3356 716 3412 Caecilius
734 3357 765 3411 in
783 3358 884 3412 Imbris
902 3357 1078 3430 designauit:
1104 3376 1166 3413 cru-

151 3433 228 3487 ento’
250 3449 273 3488 e.
288 3450 314 3500 q.
332 3450 353 3488 s.
372 3429 522 3503 (Imbriis
540 3429 635 3499 BaL¹)
653 3429 804 3484 Diomedes
822 3448 849 3499 p.
865 3436 916 3486 379
931 3430 961 3485 P.
983 3430 1165 3501 ‘grundire

152 3549 157 3560 .
171 3549 193 3560 ..
209 3502 361 3559 Caecilius:
380 3503 508 3557 omento’
524 3517 548 3556 e.
559 3519 585 3569 q.
597 3517 617 3555 s.
825 3557 827 3561 ,

223 3574 263 3629 Cf.
278 3574 404 3644 Scaliger
418 3573 496 3629 Coui.
511 3573 541 3626 in
550 3572 629 3628 Varr.
639 3590 667 3642 p.
679 3578 738 3628 158.
