2674 3950
602 230 739 286 NOVIVS

596 417 752 476 SVRDVS

847 499 939 564 filias
1111 579 1113 586 Ι

164 604 307 690 <Binas>
329 604 433 672 habeo
456 607 661 692 ie‘mulentaS,
685 608 741 672 sed
764 629 853 672 oooas
875 607 969 672 uideo
993 606 1149 671 incedere.
1199 623 1233 672 85

237 727 336 781 Festus
354 746 381 797 p.
397 734 450 782 364
468 729 505 783 Μ.
527 729 700 782 ‘temetum
718 728 817 782 uinum
835 762 869 769 -
884 761 919 769 —
936 727 1046 782 Nouius
1065 727 1095 780 in
1113 728 1181 782 duo-

165 797 370 938 TTZepgssgnjss
390 832 424 839 —
442 799 518 854 idem
527 799 567 922 ‘in
582 801 690 854 Funere
708 831 744 840 -
763 803 792 854 ei
809 799 850 853 in’
867 799 960 871 (‘sine’
977 800 1050 869 cod.)
1066 799 1180 856 ‘Surdoz

239 983 262 1030 1.
282 983 298 1030 2
318 975 395 1030 filias
416 977 460 1032 alo
479 978 648 1032 temulentas
668 979 730 1033 Bae

544 1180 804 1240 TABELLARIA

238 1293 363 1349 Naeuii
381 1296 501 1350 fortasse
519 1297 582 1352 fuit.

667 1467 683 1524 I

168 1563 231 1642 Qui
253 1564 352 1629 habet
374 1587 508 1630 uxorem
530 1565 599 1630 sine
623 1565 706 1652 dole,
729 1567 802 1651 (ei)
823 1567 966 1650 pannum
985 1566 1129 1650 positum
1147 1566 1182 1628 in

914 1676 1058 1758 purpura
1081 1676 1138 1736 est.

240 1792 348 1847 Nonius
368 1799 429 1862 218,
449 1799 482 1847 22
504 1795 650 1864 ‘pannus
674 1811 727 1848 usu
749 1793 859 1864 generis
880 1793 1038 1848 masculini.
1075 1793 1183 1847 Neutro

170 1864 280 1918 Nouius
299 1864 473 1920 Tabellaria:
493 1865 553 1934 qui'
570 1882 592 1920 e.
608 1884 634 1935 q.
650 1883 670 1920 s.
691 1865 822 1936 (neuiue
840 1865 939 1919 Vrbin.
954 1867 1015 1934 308)

170 2046 183 2097 t
240 1951 307 2097 {aa
320 1973 431 2041 placeat
449 1974 497 2039 qui
516 1972 604 2026 habeb
621 1974 736 2026 uxorem
754 1973 873 2027 booboei
943 1971 1080 2042 positum]
1100 1987 1183 2039 opsu·

184 2062 232 2096 um
278 2060 312 2097 ue

657 2157 688 2216 H

172 2309 391 2321 .....
438 2258 546 2322 dotem
569 2258 610 2321 ad
632 2280 691 2323 uos
713 2259 836 2322 nullam
859 2259 978 2322 albulus

241 2378 391 2433 Diomedes
410 2397 437 2447 p.
452 2385 504 2432 376
522 2379 552 2433 P.
574 2380 756 2446 ‘quamquam
775 2382 804 2434 ei
821 2379 852 2433 id
872 2379 1027 2449 perfeetum
1046 2378 1122 2446 quod
1140 2381 1185 2432 osb

172 2449 257 2504 attuli
280 2466 314 2503 ex
338 2449 394 2503 alio
418 2449 505 2503 uerbo
528 2449 666 2519 proficisci
684 2450 838 2519 reperimus
857 2451 933 2520 apud
952 2453 1074 2518 ueteres,
1099 2466 1133 2504 ex
1152 2465 1184 2503 eo

172 2521 248 2588 quod
267 2523 310 2575 est
331 2520 443 2575 attollo’
464 2520 587 2589 (abiulo
606 2520 694 2574 Paris.
709 2522 732 2574 B
746 2541 782 2583 111.
799 2528 823 2590 2,
841 2521 1014 2590 Putsohius)‚
1036 2522 1079 2574 ‘ut
1097 2520 1185 2573 Nae-

171 2591 248 2645 uius
267 2590 296 2644 in
315 2590 490 2645 Tabellaria:
513 2591 618 2645 dotem’
639 2608 662 2646 e.
677 2609 703 2660 q.
719 2610 739 2646 a.
760 2591 891 2663 (neuius
910 2593 1019 2647 Monac.
1039 2590 1185 2645 naeuius

171 2664 248 2717 Parr.
263 2663 315 2716 AB
333 2661 465 2716 Nouius
484 2661 613 2732 Bolhius)

244 2767 350 2822 albulae
369 2769 435 2824 Por.
451 2770 478 2822 Β
498 2768 609 2824 Monac.
634 2769 749 2823 attollas
769 2769 836 2826 Par.
855 2772 882 2824 A
906 2770 1022 2824 allollab
1044 2771 1103 2824 edd.
1123 2775 1184 2823 vett.

174 2839 281 2894 aliulat
298 2840 445 2895 Patsobias

563 2989 798 3050 TOGVLARIA

243 3106 284 3161 De
303 3105 394 3160 Novio
414 3105 528 3160 dubitat
546 3105 729 3159 Woelfflinus
748 3123 818 3160 mus.
833 3104 922 3160 Rhea.
936 3113 979 3176 43,
995 3112 1055 3160 308.

174 3233 310 3299 Abunde
329 3233 497 3297 deturbate
516 3255 600 3318 saxa,
618 3232 796 3298 homonum
815 3233 1020 3317 quisquiliae!
1040 3271 1082 3280 —
1102 3231 1187 3310 Quid

919 3341 990 3404 est?

245 3461 343 3516 Festus
367 3480 394 3531 p.
410 3467 460 3514 257
482 3461 520 3516 M.
547 3459 772 3528 ‘quisquiliae
801 3459 858 3514 dici
885 3462 1021 3529 putantur
1048 3459 1186 3528 quidquid

175 3550 209 3587 ex
224 3532 370 3588 arboribus
389 3531 505 3585 minutis
525 3530 698 3585 surculorum
717 3530 885 3585 foliorumue
904 3531 989 3601 eadit,
1008 3531 1087 3586 uelut
1105 3530 1187 3600 quid-

174 3603 344 3673 quidoadiae
363 3635 398 3644 —
416 3601 525 3657 Nouius
544 3602 574 3655 in
593 3601 757 3672 Togularia:
777 3601 837 3656 abi'
853 3619 875 3656 o.
892 3620 917 3671 q.
933 3621 954 3657 s.
