2696 3946
499 188 686 244 CAECILIVS
705 188 857 245 STATIVS
1144 190 1187 254 87

238 349 328 405 Varro
353 349 388 404 de
410 349 428 404 l.
448 350 467 404 l.
490 348 539 403 VII
558 355 609 404 103
628 349 665 405 M.
688 349 794 405 ‘multa
819 349 856 404 ab
882 348 1049 404 animalium
1067 349 1186 404 uocibus

165 421 275 502 tralata
292 420 323 474 in
340 421 482 491 homines,
500 420 605 503 parium
624 437 696 489 quae
715 424 782 476 sunt
800 420 1037 546 aperta-fartim
1055 421 1184 477 obscura.

166 495 328 563 Persprcua‚
342 495 375 547 ut
390 535 431 547 ...
447 491 607 549 Caeciln:
625 493 749 547 tantum’
766 509 789 547 e.
800 510 827 561 q.
838 510 859 547 s.
879 493 927 563 (Ci
946 511 973 546 11
991 492 1064 547 Flor.
1079 493 1184 564 Haun.)

238 601 350 653 tantam
369 598 498 671 Scaliqen
517 602 566 670 qui
582 599 710 654 dibalara
723 615 784 654 rem
796 601 993 668 iuterpretatur
1005 607 1186 669 καταφαγεῖν

166 670 220 740 τὴν
235 667 348 726 obelus:
362 671 443 726 amno
453 673 626 740 citabantur
635 673 684 741 qai
692 678 822 726 secrebau
830 669 964 740 balando,
974 672 994 726 α’.
1005 687 1025 727 e.
1036 672 1185 742 narranda

166 742 279 810 differre
296 747 322 796 et
339 742 481 813 divulqwre
498 759 556 798 uon
573 743 675 799 ceratus
693 743 736 799 aab.
756 744 871 796 lantum
888 762 910 796 α

639 875 715 934 VIII

169 1027 177 1038 .
202 1026 209 1038 .
234 1025 241 1039 .
264 1025 271 1038 .
294 973 391 1039 nimis
415 974 566 1040 audacem
589 975 750 1060 nimisque
773 975 910 1040 bardum
932 975 1108 1040 barbarum
1187 1013 1242 1062 250

241 1094 324 1149 Pauli
337 1095 437 1150 Festus
450 1114 477 1166 p.
493 1103 528 1152 34
541 1097 578 1151 Μ.
593 1073 743 1152 lbardus
763 1097 875 1166 stultus,
895 1114 912 1152 a
926 1096 1063 1152 tarditate
1076 1095 1186 1168 ingenii

168 1166 339 1238 appellatur.
377 1166 529 1225 Caecilius:
547 1168 643 1222 nimis’
664 1185 687 1224 e.
708 1187 734 1238 q.
755 1187 776 1224 s.

434 1367 438 1376 .
657 1319 701 1377 IX

121 1469 124 1477 .
160 1417 369 1518 ¹Quisquilias
391 1419 545 1505 nolanus,
568 1419 659 1484 uenti
682 1419 785 1504 spelia
808 1419 1168 1486 memorant21'm0d0!

161 1581 164 1590 .
242 1541 341 1595 Festus
359 1559 386 1610 p.
407 1545 459 1595 257
477 1541 515 1594 M.
536 1540 767 1609 ‘quisquiliae
796 1541 854 1596 dici
880 1545 1018 1612 pulsantur
1045 1541 1187 1610 quidquid

168 1629 205 1668 ex
222 1612 369 1666 arboribus
387 1611 504 1666 minutis
523 1612 697 1666 surculorum
715 1611 883 1667 foliorumue
899 1613 985 1682 cadit,
1005 1612 1086 1668 uelut
1104 1613 1189 1682 quid-

169 1683 349 1753 quidcadiae.
387 1682 538 1738 Caecilius:
556 1683 737 1752 quisquilias’
758 1699 781 1738 e.
796 1701 822 1752 q.
838 1702 859 1738 s.
897 1683 937 1740 Cf.
957 1683 1075 1754 Hymnis
1094 1683 1142 1740 VI.

242 1803 392 1858 memoras,
412 1789 423 1842 i
440 1789 524 1844 modo
544 1789 666 1862 Scalae:

666 1923 694 1980 X

165 2021 337 2089 Omnibus
359 2023 493 2088 laetitiis
516 2023 620 2088 laetus
645 2022 758 2088 incedo
784 2072 916 2088 .....

243 2143 339 2199 Cicero
358 2144 394 2199 <lc
412 2145 458 2200 fin.
477 2145 547 2215 114,
567 2150 600 2199 13
621 2145 699 2198 ‘nam
717 2146 746 2198 et
764 2143 813 2197 ille
835 2143 911 2214 apud
929 2143 1068 2199 Trabeam
1086 2145 1188 2216 uolup-

168 2217 261 2271 tabem
279 2215 367 2270 animi
387 2215 505 2270 nimiam
527 2215 669 2270 laebiliam
692 2214 774 2284 dicit,
799 2215 918 2269 eandem
941 2232 1027 2284 quam
1049 2215 1099 2270 ille
1118 2216 1188 2272 Cae-

170 2287 305 2354 cilianus,
329 2285 378 2356 qui
402 2287 557 2342 omnibus
586 2285 740 2342 laetitiis
768 2285 897 2341 laetum
924 2302 984 2341 esse
1010 2302 1040 2342 se
1065 2289 1185 2344 narrat?

161 2359 249 2422 ¹Idem
272 2358 310 2412 ad
337 2357 720 2428 fam.119‘repenteuero
747 2356 876 2412 incessi
900 2358 1056 2413 omnibus
1079 2359 1189 2414 laeli·

168 2429 233 2484 tiis
254 2429 395 2484 laetus'.

170 2661 179 2674 .
204 2658 211 2673 .
236 2660 242 2672 .
263 2600 272 2672 ⁸.
297 2659 305 2673 .
328 2609 486 2693 quanium
509 2611 675 2672 amantum
698 2607 734 2671 in
755 2604 877 2672 'Attica
900 2612 949 2673 esi

244 2728 387 2784 Charisius
406 2747 432 2798 p.
449 2734 482 2783 98
496 2729 527 2784 P.
548 2729 735 2782 ‘amantum
756 2727 904 2798 Caecilius,
922 2731 956 2783 ut
974 2729 1062 2784 eiiam
1079 2729 1189 2785 Plinius

168 2803 265 2856 nabab:
285 2801 433 2870 quantum'
454 2817 478 2855 e.
497 2818 523 2868 q.
544 2817 565 2855 s.

243 2906 274 2960 in
292 2905 389 2960 Attica
407 2908 506 2976 scripsi
522 2905 550 2960 in
571 2905 667 2960 natica
685 2907 743 2962 cod.
762 2905 793 2960 in
810 2905 912 2960 riabica
929 2907 970 2962 cd.
986 2924 1032 2976 pr.

652 3057 711 3114 XII

689 3179 806 3222 nomen
829 3156 983 3244 uirginis,
1053 3173 1058 3184 ·

169 3265 245 3334 Nisi
268 3265 468 3348 minimest,
492 3263 715 3350 deinlegranil.
1191 3281 1243 3331 255

242 3385 432 3454 Nonius101‚
452 3389 486 3438 25
506 3383 757 3455 ‘deincegrara
783 3384 944 3440 deminuere
1036 3385 1189 3442 Caecilius:

169 3459 284 3515 nomen’
306 3473 329 3511 a.
349 3473 375 3524 q.
396 3473 416 3510 s.
855 3464 903 3474 ’·’

245 3571 259 3618 1
274 3581 313 3634 sq.
328 3564 413 3618 auius
427 3564 575 3632 septenarii
586 3564 707 3631 frustum
720 3580 774 3620 cese
787 3565 847 3620 cult
860 3565 923 3620 Bae
983 3570 998 3618 2
1017 3563 1073 3617 nisi
1087 3536 1190 3617 mirum
