<?xml version="1.0" encoding="UTF-8"?>
<!DOCTYPE html PUBLIC "-//W3C//DTD XHTML 1.0 Transitional//EN"
    "http://www.w3.org/TR/xhtml1/DTD/xhtml1-transitional.dtd">
<html xmlns="http://www.w3.org/1999/xhtml" xml:lang="en" lang="en">
 <head>
  <title>
</title>
<meta http-equiv="Content-Type" content="text/html;charset=utf-8" />
  <meta name='ocr-system' content='tesseract 3.04.00' />
  <meta name='ocr-capabilities' content='ocr_page ocr_carea ocr_par ocr_line ocrx_word'/>
</head>
<body>
  <div class='ocr_page' id='page_1' title='image "./scaenicaeromano05ribbgoog_0357.png"; bbox 0 0 2674 3950; ppageno 0'>
   <div class='ocr_carea' id='block_1_1' title="bbox 191 251 878 322">
    <p class='ocr_par' dir='ltr' id='par_1_1' title="bbox 191 251 878 322">
     <span class='ocr_line' id='line_1_1' title="bbox 191 251 878 322; baseline -0.02 0"><span class='ocrx_word' id='word_1_1' title='bbox 191 257 256 322; x_wconf 75' lang='grc'><strong>342</strong></span> <span class='ocrx_word' id='word_1_2' title='bbox 519 251 679 310; x_wconf 68' lang='lat' dir='ltr'><strong>buculus</strong></span> <span class='ocrx_word' id='word_1_3' title='bbox 698 251 878 309; x_wconf 76' lang='lat' dir='ltr'><strong>Lsssuatvs</strong></span> 
     </span>
    </p>
   </div>
   <div class='ocr_carea' id='block_1_2' title="bbox 189 412 1209 840">
    <p class='ocr_par' dir='ltr' id='par_1_2' title="bbox 189 412 1209 840">
     <span class='ocr_line' id='line_1_2' title="bbox 262 412 1209 485; baseline -0.005 -14"><span class='ocrx_word' id='word_1_4' title='bbox 262 416 371 472; x_wconf 82' lang='lat' dir='ltr'>Gellius</span> <span class='ocrx_word' id='word_1_5' title='bbox 395 416 460 470; x_wconf 91' lang='lat' dir='ltr'><strong>XVI</strong></span> <span class='ocrx_word' id='word_1_6' title='bbox 484 420 544 485; x_wconf 79' lang='lat'><strong>‘1‚8</strong></span> <span class='ocrx_word' id='word_1_7' title='bbox 570 413 720 469; x_wconf 79' lang='lat' dir='ltr'><strong>‘Laberius</strong></span> <span class='ocrx_word' id='word_1_8' title='bbox 743 413 774 467; x_wconf 91' lang='lat' dir='ltr'><strong>in</strong></span> <span class='ocrx_word' id='word_1_9' title='bbox 796 413 902 483; x_wconf 86' lang='lat' dir='ltr'><strong>mimis,</strong></span> <span class='ocrx_word' id='word_1_10' title='bbox 930 429 1001 482; x_wconf 89' lang='lat' dir='ltr'><strong>quos</strong></span> <span class='ocrx_word' id='word_1_11' title='bbox 1025 412 1209 483; x_wconf 62' lang='lat' dir='ltr'><strong>scriptitatum,</strong></span> 
     </span>
     <span class='ocr_line' id='line_1_3' title="bbox 192 484 1209 558; baseline -0.004 -16"><span class='ocrx_word' id='word_1_12' title='bbox 192 488 296 558; x_wconf 91' lang='lat' dir='ltr'><strong>oppido</strong></span> <span class='ocrx_word' id='word_1_13' title='bbox 320 505 406 556; x_wconf 91' lang='lat' dir='ltr'><strong>quam</strong></span> <span class='ocrx_word' id='word_1_14' title='bbox 428 487 517 541; x_wconf 89' lang='lat' dir='ltr'><strong>uerba</strong></span> <span class='ocrx_word' id='word_1_15' title='bbox 540 486 622 540; x_wconf 82' lang='lat' dir='ltr'><strong>finxit</strong></span> <span class='ocrx_word' id='word_1_16' title='bbox 643 485 830 556; x_wconf 70' lang='lat' dir='ltr'>praelicenter</span> <span class='ocrx_word' id='word_1_17' title='bbox 850 526 899 539; x_wconf 87' lang='lat'><strong>...</strong></span> <span class='ocrx_word' id='word_1_18' title='bbox 919 484 988 538; x_wconf 93' lang='lat' dir='ltr'><strong>item</strong></span> <span class='ocrx_word' id='word_1_19' title='bbox 1008 484 1039 538; x_wconf 90' lang='lat' dir='ltr'><strong>in</strong></span> <span class='ocrx_word' id='word_1_20' title='bbox 1056 484 1209 539; x_wconf 67' lang='lat' dir='ltr'><strong>Cacomne-</strong></span> 
     </span>
     <span class='ocr_line' id='line_1_4' title="bbox 191 555 1207 628; baseline -0.005 -14"><span class='ocrx_word' id='word_1_21' title='bbox 191 576 285 616; x_wconf 90' lang='lat' dir='ltr'><strong>mone:</strong></span> <span class='ocrx_word' id='word_1_22' title='bbox 310 559 357 613; x_wconf 92' lang='lat' dir='ltr'><strong>hic</strong></span> <span class='ocrx_word' id='word_1_23' title='bbox 381 561 437 628; x_wconf 79' lang='lat' dir='ltr'><strong>est,</strong></span> <span class='ocrx_word' id='word_1_24' title='bbox 460 557 566 626; x_wconf 85' lang='lat' dir='ltr'><strong>inquit,</strong></span> <span class='ocrx_word' id='word_1_25' title='bbox 589 557 654 611; x_wconf 91' lang='lat' dir='ltr'><strong>ille’</strong></span> <span class='ocrx_word' id='word_1_26' title='bbox 675 573 698 612; x_wconf 90' lang='lat' dir='ltr'><strong>e.</strong></span> <span class='ocrx_word' id='word_1_27' title='bbox 718 575 745 625; x_wconf 90' lang='lat' dir='ltr'><strong>q.</strong></span> <span class='ocrx_word' id='word_1_28' title='bbox 766 574 786 610; x_wconf 88' lang='lat' dir='ltr'><strong>s.</strong></span> <span class='ocrx_word' id='word_1_29' title='bbox 824 555 864 611; x_wconf 82' lang='lat' dir='ltr'><strong>cf.</strong></span> <span class='ocrx_word' id='word_1_30' title='bbox 885 555 1076 621; x_wconf 72' lang='lat' dir='ltr'><strong>Quintilianus</strong></span> <span class='ocrx_word' id='word_1_31' title='bbox 1095 556 1108 609; x_wconf 93' lang='lat' dir='ltr'>I</span> <span class='ocrx_word' id='word_1_32' title='bbox 1128 562 1153 625; x_wconf 75' lang='lat' dir='ltr'><strong>t,</strong></span> <span class='ocrx_word' id='word_1_33' title='bbox 1174 561 1207 610; x_wconf 77' lang='lat'><strong>57</strong></span> 
     </span>
     <span class='ocr_line' id='line_1_5' title="bbox 192 625 1208 712; baseline -0.004 -28"><span class='ocrx_word' id='word_1_34' title='bbox 192 632 342 712; x_wconf 79' lang='lat' dir='ltr'><strong>‘gurdos‚</strong></span> <span class='ocrx_word' id='word_1_35' title='bbox 366 647 436 698; x_wconf 91' lang='lat' dir='ltr'><strong>quos</strong></span> <span class='ocrx_word' id='word_1_36' title='bbox 458 646 509 698; x_wconf 88' lang='lat' dir='ltr'><strong>pro</strong></span> <span class='ocrx_word' id='word_1_37' title='bbox 534 628 645 682; x_wconf 87' lang='lat' dir='ltr'><strong>stolidis</strong></span> <span class='ocrx_word' id='word_1_38' title='bbox 669 627 774 698; x_wconf 88' lang='lat' dir='ltr'><strong>accipit</strong></span> <span class='ocrx_word' id='word_1_39' title='bbox 796 627 912 697; x_wconf 83' lang='lat' dir='ltr'><strong>uulgus,</strong></span> <span class='ocrx_word' id='word_1_40' title='bbox 937 643 971 682; x_wconf 85' lang='lat' dir='ltr'><strong>ex</strong></span> <span class='ocrx_word' id='word_1_41' title='bbox 994 625 1132 696; x_wconf 76' lang='lat' dir='ltr'><strong>Hispania</strong></span> <span class='ocrx_word' id='word_1_42' title='bbox 1156 627 1208 680; x_wconf 92' lang='lat' dir='ltr'><strong>du-</strong></span> 
     </span>
     <span class='ocr_line' id='line_1_6' title="bbox 189 697 1208 772; baseline -0.004 -16"><span class='ocrx_word' id='word_1_43' title='bbox 189 719 263 756; x_wconf 81' lang='lat' dir='ltr'><strong>xisse</strong></span> <span class='ocrx_word' id='word_1_44' title='bbox 283 700 421 772; x_wconf 79' lang='lat' dir='ltr'><strong>originem</strong></span> <span class='ocrx_word' id='word_1_45' title='bbox 439 699 557 754; x_wconf 86' lang='lat' dir='ltr'><strong>audiui’</strong></span> <span class='ocrx_word' id='word_1_46' title='bbox 592 699 656 755; x_wconf 76' lang='lat' dir='ltr'><strong>cel.</strong></span> <span class='ocrx_word' id='word_1_47' title='bbox 671 699 711 754; x_wconf 82' lang='lat' dir='ltr'><strong>IV</strong></span> <span class='ocrx_word' id='word_1_48' title='bbox 725 705 759 753; x_wconf 82' lang='lat'><strong>84</strong></span> <span class='ocrx_word' id='word_1_49' title='bbox 774 698 806 754; x_wconf 85' lang='lat' dir='ltr'><strong>G.</strong></span> <span class='ocrx_word' id='word_1_50' title='bbox 825 699 950 768; x_wconf 68' lang='lat' dir='ltr'><strong>‘gurdus</strong></span> <span class='ocrx_word' id='word_1_51' title='bbox 969 698 1081 768; x_wconf 88' lang='lat' dir='ltr'><strong>ineptus</strong></span> <span class='ocrx_word' id='word_1_52' title='bbox 1099 697 1147 752; x_wconf 91' lang='lat' dir='ltr'><strong>uel</strong></span> <span class='ocrx_word' id='word_1_53' title='bbox 1165 698 1208 752; x_wconf 92' lang='lat' dir='ltr'><strong>in-</strong></span> 
     </span>
     <span class='ocr_line' id='line_1_7' title="bbox 189 769 889 840; baseline -0.004 -13"><span class='ocrx_word' id='word_1_54' title='bbox 189 772 289 827; x_wconf 60' lang='lat' dir='ltr'><strong>utilis?</strong></span> <span class='ocrx_word' id='word_1_55' title='bbox 322 771 427 827; x_wconf 86' lang='lat' dir='ltr'><strong>Loewii</strong></span> <span class='ocrx_word' id='word_1_56' title='bbox 445 772 541 826; x_wconf 77' lang='lat' dir='ltr'><strong>Prodi.</strong></span> <span class='ocrx_word' id='word_1_57' title='bbox 557 775 604 826; x_wconf 76' lang='lat'><strong>82:</strong></span> <span class='ocrx_word' id='word_1_58' title='bbox 626 771 744 838; x_wconf 69' lang='lat' dir='ltr'><strong>‘brutus</strong></span> <span class='ocrx_word' id='word_1_59' title='bbox 763 769 889 840; x_wconf 86' lang='lat' dir='ltr'><strong>gurdus’.</strong></span> 
     </span>
    </p>
   </div>
   <div class='ocr_carea' id='block_1_3' title="bbox 191 876 1207 1094">
    <p class='ocr_par' dir='ltr' id='par_1_3' title="bbox 191 876 1207 1094">
     <span class='ocr_line' id='line_1_8' title="bbox 263 876 1206 935; baseline -0.005 0"><span class='ocrx_word' id='word_1_60' title='bbox 263 885 276 934; x_wconf 92' lang='lat'><strong>1</strong></span> <span class='ocrx_word' id='word_1_61' title='bbox 298 880 427 935; x_wconf 73' lang='lat' dir='ltr'><strong>Fortasse</strong></span> <span class='ocrx_word' id='word_1_62' title='bbox 444 877 491 931; x_wconf 90' lang='lat' dir='ltr'><strong>hic</strong></span> <span class='ocrx_word' id='word_1_63' title='bbox 510 877 559 931; x_wconf 92' lang='lat' dir='ltr'><strong>ssle</strong></span> <span class='ocrx_word' id='word_1_64' title='bbox 578 880 622 931; x_wconf 90' lang='lat' dir='ltr'><strong>est</strong></span> <span class='ocrx_word' id='word_1_65' title='bbox 682 891 792 931; x_wconf 87' lang='lat' dir='ltr'><strong>menses</strong></span> <span class='ocrx_word' id='word_1_66' title='bbox 812 876 882 930; x_wconf 77' lang='lat' dir='ltr'><strong>tl&#39;uos</strong></span> <span class='ocrx_word' id='word_1_67' title='bbox 902 877 1022 932; x_wconf 78' lang='lat' dir='ltr'><strong>Bottias</strong></span> <span class='ocrx_word' id='word_1_68' title='bbox 1040 877 1110 931; x_wconf 89' lang='lat' dir='ltr'><strong>duos</strong></span> <span class='ocrx_word' id='word_1_69' title='bbox 1129 893 1206 931; x_wconf 91' lang='lat' dir='ltr'><strong>men-</strong></span> 
     </span>
     <span class='ocr_line' id='line_1_9' title="bbox 191 947 1207 1017; baseline -0.003 -12"><span class='ocrx_word' id='word_1_70' title='bbox 191 968 235 1006; x_wconf 90' lang='lat' dir='ltr'><strong>ses</strong></span> <span class='ocrx_word' id='word_1_71' title='bbox 250 973 271 1005; x_wconf 84' lang='grc' dir='ltr'><strong>ω</strong></span> <span class='ocrx_word' id='word_1_72' title='bbox 336 957 351 1004; x_wconf 78' lang='lat'>2</span> <span class='ocrx_word' id='word_1_73' title='bbox 371 948 570 1004; x_wconf 86' lang='lat' dir='ltr'><strong>aduenientem</strong></span> <span class='ocrx_word' id='word_1_74' title='bbox 584 950 625 1003; x_wconf 83' lang='lat' dir='ltr'><strong>vel</strong></span> <span class='ocrx_word' id='word_1_75' title='bbox 640 949 695 1002; x_wconf 91' lang='lat' dir='ltr'><strong>huc</strong></span> <span class='ocrx_word' id='word_1_76' title='bbox 709 947 871 1002; x_wconf 89' lang='lat' dir='ltr'><strong>uenientem</strong></span> <span class='ocrx_word' id='word_1_77' title='bbox 885 949 988 1003; x_wconf 67' lang='lat' dir='ltr'><strong>cosbci</strong></span> <span class='ocrx_word' id='word_1_78' title='bbox 1001 947 1162 1003; x_wconf 89' lang='lat' dir='ltr'><strong>uenientem</strong></span> <span class='ocrx_word' id='word_1_79' title='bbox 1177 969 1207 1017; x_wconf 81' lang='grc' dir='ltr'><strong>ω,</strong></span> 
     </span>
     <span class='ocr_line' id='line_1_10' title="bbox 191 1019 1095 1094; baseline -0.007 -15"><span class='ocrx_word' id='word_1_80' title='bbox 191 1025 262 1094; x_wconf 68' lang='lat' dir='ltr'><strong>picot</strong></span> <span class='ocrx_word' id='word_1_81' title='bbox 280 1025 405 1078; x_wconf 81' lang='lat' dir='ltr'><strong>servabat</strong></span> <span class='ocrx_word' id='word_1_82' title='bbox 425 1021 617 1076; x_wconf 77' lang='lat' dir='ltr'><strong>Fleckeiseaus</strong></span> <span class='ocrx_word' id='word_1_83' title='bbox 635 1036 762 1075; x_wconf 65' lang='lat' dir='ltr'><strong>awmaos</strong></span> <span class='ocrx_word' id='word_1_84' title='bbox 779 1019 931 1074; x_wconf 73' lang='lat' dir='ltr'><strong>trochaicos</strong></span> <span class='ocrx_word' id='word_1_85' title='bbox 949 1019 1095 1089; x_wconf 62' lang='lat' dir='ltr'><strong>aspersas</strong></span> 
     </span>
    </p>
   </div>
   <div class='ocr_carea' id='block_1_4' title="bbox 138 1204 1122 1424">
    <p class='ocr_par' dir='ltr' id='par_1_4' title="bbox 138 1204 1122 1424">
     <span class='ocr_line' id='line_1_11' title="bbox 613 1204 785 1266; baseline -0.023 0"><span class='ocrx_word' id='word_1_86' title='bbox 613 1204 785 1266; x_wconf 78' lang='lat' dir='ltr'><strong>GAEOVLI</strong></span> 
     </span>
     <span class='ocr_line' id='line_1_12' title="bbox 138 1323 1122 1424; baseline -0.004 -32"><span class='ocrx_word' id='word_1_87' title='bbox 138 1326 287 1424; x_wconf 50' lang='lat' dir='ltr'><strong>¹ioloNon</strong></span> <span class='ocrx_word' id='word_1_88' title='bbox 308 1325 464 1392; x_wconf 87' lang='lat' dir='ltr'><strong>intellexi.</strong></span> <span class='ocrx_word' id='word_1_89' title='bbox 488 1364 530 1372; x_wconf 95' lang='lat'><em>-</em></span> <span class='ocrx_word' id='word_1_90' title='bbox 554 1323 727 1408; x_wconf 74' lang='lat' dir='ltr'><strong>(Credidi)</strong></span> <span class='ocrx_word' id='word_1_91' title='bbox 749 1327 782 1388; x_wconf 91' lang='lat' dir='ltr'><strong>te</strong></span> <span class='ocrx_word' id='word_1_92' title='bbox 805 1323 1009 1389; x_wconf 79' lang='lat' dir='ltr'><strong>Mauricatim</strong></span> <span class='ocrx_word' id='word_1_93' title='bbox 1033 1323 1122 1390; x_wconf 87' lang='lat' dir='ltr'><strong>scire.</strong></span> 
     </span>
    </p>
   </div>
   <div class='ocr_carea' id='block_1_5' title="bbox 190 1444 1209 1731">
    <p class='ocr_par' dir='ltr' id='par_1_5' title="bbox 190 1444 1209 1731">
     <span class='ocr_line' id='line_1_13' title="bbox 262 1444 1206 1518; baseline -0.001 -16"><span class='ocrx_word' id='word_1_94' title='bbox 262 1448 405 1503; x_wconf 80' lang='lat' dir='ltr'><strong>Charisius</strong></span> <span class='ocrx_word' id='word_1_95' title='bbox 424 1467 451 1518; x_wconf 91' lang='lat' dir='ltr'><strong>p.</strong></span> <span class='ocrx_word' id='word_1_96' title='bbox 463 1453 515 1502; x_wconf 82' lang='lat'><strong>184</strong></span> <span class='ocrx_word' id='word_1_97' title='bbox 533 1448 563 1502; x_wconf 90' lang='lat' dir='ltr'><strong>P.</strong></span> <span class='ocrx_word' id='word_1_98' title='bbox 584 1444 815 1499; x_wconf 80' lang='lat' dir='ltr'><strong>‘mauricatim</strong></span> <span class='ocrx_word' id='word_1_99' title='bbox 832 1445 968 1499; x_wconf 83' lang='lat' dir='ltr'><strong>Laberius</strong></span> <span class='ocrx_word' id='word_1_100' title='bbox 986 1445 1017 1498; x_wconf 90' lang='lat' dir='ltr'><strong>in</strong></span> <span class='ocrx_word' id='word_1_101' title='bbox 1034 1444 1206 1501; x_wconf 80' lang='lat' dir='ltr'><strong>Caeculis:</strong></span> 
     </span>
     <span class='ocr_line' id='line_1_14' title="bbox 190 1515 1209 1588; baseline -0.002 -15"><span class='ocrx_word' id='word_1_102' title='bbox 190 1520 258 1573; x_wconf 91' lang='lat' dir='ltr'><strong>non&#39;</strong></span> <span class='ocrx_word' id='word_1_103' title='bbox 279 1536 302 1574; x_wconf 87' lang='lat' dir='ltr'><strong>e.</strong></span> <span class='ocrx_word' id='word_1_104' title='bbox 318 1537 344 1588; x_wconf 87' lang='lat' dir='ltr'><strong>q.</strong></span> <span class='ocrx_word' id='word_1_105' title='bbox 360 1538 381 1574; x_wconf 90' lang='lat' dir='ltr'><strong>s.</strong></span> <span class='ocrx_word' id='word_1_106' title='bbox 418 1519 528 1573; x_wconf 83' lang='lat' dir='ltr'><strong>Nomen</strong></span> <span class='ocrx_word' id='word_1_107' title='bbox 550 1517 666 1572; x_wconf 85' lang='lat' dir='ltr'><strong>fabulae</strong></span> <span class='ocrx_word' id='word_1_108' title='bbox 690 1515 849 1571; x_wconf 80' lang='lat' dir='ltr'><strong>Gaetulis</strong></span> <span class='ocrx_word' id='word_1_109' title='bbox 872 1515 964 1570; x_wconf 86' lang='lat' dir='ltr'><strong>voluit</strong></span> <span class='ocrx_word' id='word_1_110' title='bbox 987 1533 1048 1571; x_wconf 89' lang='lat' dir='ltr'><strong>esse</strong></span> <span class='ocrx_word' id='word_1_111' title='bbox 1070 1517 1209 1588; x_wconf 80' lang='lat' dir='ltr'><strong>Bergkius</strong></span> 
     </span>
     <span class='ocr_line' id='line_1_15' title="bbox 192 1587 1206 1660; baseline -0.001 -16"><span class='ocrx_word' id='word_1_112' title='bbox 192 1607 285 1660; x_wconf 88' lang='lat' dir='ltr'><strong>opusc.</strong></span> <span class='ocrx_word' id='word_1_113' title='bbox 300 1591 326 1644; x_wconf 96' lang='grc' dir='ltr'>Π</span> <span class='ocrx_word' id='word_1_114' title='bbox 341 1596 401 1660; x_wconf 79' lang='grc'>751,</span> <span class='ocrx_word' id='word_1_115' title='bbox 420 1592 519 1644; x_wconf 89' lang='lat' dir='ltr'><strong>contra</strong></span> <span class='ocrx_word' id='word_1_116' title='bbox 537 1587 616 1642; x_wconf 90' lang='lat' dir='ltr'><strong>mimi</strong></span> <span class='ocrx_word' id='word_1_117' title='bbox 635 1589 832 1658; x_wconf 78' lang='lat' dir='ltr'><strong>argumentum</strong></span> <span class='ocrx_word' id='word_1_118' title='bbox 851 1603 886 1642; x_wconf 87' lang='lat' dir='ltr'><strong>ex</strong></span> <span class='ocrx_word' id='word_1_119' title='bbox 904 1587 990 1642; x_wconf 92' lang='lat' dir='ltr'><strong>schol.</strong></span> <span class='ocrx_word' id='word_1_120' title='bbox 1007 1587 1107 1643; x_wconf 90' lang='lat' dir='ltr'><strong>Veron.</strong></span> <span class='ocrx_word' id='word_1_121' title='bbox 1122 1589 1206 1660; x_wconf 88' lang='lat' dir='ltr'><strong>Verg.</strong></span> 
     </span>
     <span class='ocr_line' id='line_1_16' title="bbox 190 1659 801 1731; baseline -0.003 -15"><span class='ocrx_word' id='word_1_122' title='bbox 190 1663 259 1716; x_wconf 83' lang='lat' dir='ltr'><strong>Aen.</strong></span> <span class='ocrx_word' id='word_1_123' title='bbox 270 1661 322 1714; x_wconf 90' lang='lat' dir='ltr'><strong>VH</strong></span> <span class='ocrx_word' id='word_1_124' title='bbox 341 1667 391 1716; x_wconf 87' lang='lat'><strong>681</strong></span> <span class='ocrx_word' id='word_1_125' title='bbox 412 1660 502 1731; x_wconf 89' lang='lat' dir='ltr'><strong>repeti</strong></span> <span class='ocrx_word' id='word_1_126' title='bbox 519 1675 601 1730; x_wconf 88' lang='lat' dir='ltr'><strong>posse</strong></span> <span class='ocrx_word' id='word_1_127' title='bbox 619 1661 717 1714; x_wconf 91' lang='lat' dir='ltr'><strong>monet</strong></span> <span class='ocrx_word' id='word_1_128' title='bbox 734 1659 801 1714; x_wconf 88' lang='lat' dir='ltr'><strong>Bus.</strong></span> 
     </span>
    </p>
   </div>
   <div class='ocr_carea' id='block_1_6' title="bbox 191 1757 1323 2152">
    <p class='ocr_par' dir='ltr' id='par_1_6' title="bbox 191 1757 1323 2152">
     <span class='ocr_line' id='line_1_17' title="bbox 262 1757 1323 1833; baseline 0.001 -12"><span class='ocrx_word' id='word_1_129' title='bbox 262 1785 319 1822; x_wconf 90' lang='lat' dir='ltr'><strong>non</strong></span> <span class='ocrx_word' id='word_1_130' title='bbox 337 1767 466 1822; x_wconf 75' lang='lat' dir='ltr'><strong>intellexi</strong></span> <span class='ocrx_word' id='word_1_131' title='bbox 484 1768 632 1822; x_wconf 75' lang='lat' dir='ltr'><strong>Patsctiss</strong></span> <span class='ocrx_word' id='word_1_132' title='bbox 650 1783 684 1820; x_wconf 79' lang='lat' dir='ltr'><strong>cx</strong></span> <span class='ocrx_word' id='word_1_133' title='bbox 701 1767 759 1821; x_wconf 80' lang='lat' dir='ltr'><strong>cod.</strong></span> <span class='ocrx_word' id='word_1_134' title='bbox 774 1766 900 1833; x_wconf 66' lang='lat' dir='ltr'><strong>Decesse,</strong></span> <span class='ocrx_word' id='word_1_135' title='bbox 921 1781 971 1822; x_wconf 80' lang='lat' dir='ltr'><strong>om.</strong></span> <span class='ocrx_word' id='word_1_136' title='bbox 990 1773 1087 1822; x_wconf 76' lang='lat' dir='ltr'><strong>notata</strong></span> <span class='ocrx_word' id='word_1_137' title='bbox 1106 1768 1209 1822; x_wconf 67' lang='lat' dir='ltr'><strong>lom</strong></span> <span class='ocrx_word' id='word_1_138' title='bbox 1322 1757 1323 1782; x_wconf 60' lang='lat'>¹</span> 
     </span>
     <span class='ocr_line' id='line_1_18' title="bbox 191 1836 1209 1908; baseline -0.001 -13"><span class='ocrx_word' id='word_1_139' title='bbox 191 1842 231 1895; x_wconf 78' lang='lat' dir='ltr'><strong>sd.</strong></span> <span class='ocrx_word' id='word_1_140' title='bbox 247 1857 291 1908; x_wconf 76' lang='lat' dir='ltr'><strong>pr.</strong></span> <span class='ocrx_word' id='word_1_141' title='bbox 321 1838 406 1893; x_wconf 77' lang='lat' dir='ltr'><strong>nint</strong></span> <span class='ocrx_word' id='word_1_142' title='bbox 425 1882 542 1893; x_wconf 90' lang='grc'><strong>......</strong></span> <span class='ocrx_word' id='word_1_143' title='bbox 571 1839 645 1892; x_wconf 75' lang='lat' dir='ltr'><strong>lissa</strong></span> <span class='ocrx_word' id='word_1_144' title='bbox 667 1844 788 1892; x_wconf 73' lang='lat' dir='ltr'><strong>satrcma</strong></span> <span class='ocrx_word' id='word_1_145' title='bbox 810 1839 869 1892; x_wconf 83' lang='lat' dir='ltr'><strong>cod.</strong></span> <span class='ocrx_word' id='word_1_146' title='bbox 960 1836 1068 1892; x_wconf 86' lang='lat' dir='ltr'><strong>credidi</strong></span> <span class='ocrx_word' id='word_1_147' title='bbox 1091 1840 1209 1894; x_wconf 56' lang='lat' dir='ltr'><strong>insessa</strong></span> 
     </span>
     <span class='ocr_line' id='line_1_19' title="bbox 191 1909 1310 2038; baseline -0.002 -71"><span class='ocrx_word' id='word_1_148' title='bbox 191 1912 340 2038; x_wconf 42' lang='lat' dir='ltr'><strong>gaggats,</strong></span> <span class='ocrx_word' id='word_1_149' title='bbox 363 1927 413 1966; x_wconf 85' lang='lat' dir='ltr'><strong>om.</strong></span> <span class='ocrx_word' id='word_1_150' title='bbox 432 1911 489 1966; x_wconf 82' lang='lat' dir='ltr'><strong>cod.</strong></span> <span class='ocrx_word' id='word_1_151' title='bbox 531 1910 609 1965; x_wconf 75' lang='lat' dir='ltr'><strong>Idem</strong></span> <span class='ocrx_word' id='word_1_152' title='bbox 632 1923 766 1976; x_wconf 73' lang='lat' dir='ltr'><strong>personas</strong></span> <span class='ocrx_word' id='word_1_153' title='bbox 787 1909 919 1964; x_wconf 59' lang='lat' dir='ltr'><strong>dietbolt</strong></span> <span class='ocrx_word' id='word_1_154' title='bbox 943 1925 1120 1980; x_wconf 72' lang='lat' dir='ltr'><strong>numerosque</strong></span> <span class='ocrx_word' id='word_1_155' title='bbox 1142 1927 1206 1966; x_wconf 81' lang='lat' dir='ltr'><strong>coa-</strong></span> <span class='ocrx_word' id='word_1_156' title='bbox 1308 1935 1310 1944; x_wconf 52' lang='lat'><strong><em>⁴</em></strong></span> 
     </span>
     <span class='ocr_line' id='line_1_20' title="bbox 621 2092 781 2152; baseline 0 0"><span class='ocrx_word' id='word_1_157' title='bbox 621 2092 781 2152; x_wconf 79' lang='lat' dir='ltr'><strong>OANGER</strong></span> 
     </span>
    </p>
   </div>
   <div class='ocr_carea' id='block_1_7' title="bbox 193 2213 994 2300">
    <p class='ocr_par' dir='ltr' id='par_1_7' title="bbox 193 2213 994 2300">
     <span class='ocr_line' id='line_1_21' title="bbox 193 2213 994 2300; baseline -0.002 -20"><span class='ocrx_word' id='word_1_158' title='bbox 193 2215 263 2281; x_wconf 89' lang='lat' dir='ltr'><strong>Nec</strong></span> <span class='ocrx_word' id='word_1_159' title='bbox 284 2214 524 2300; x_wconf 77' lang='lat' dir='ltr'><strong>Pythagoream</strong></span> <span class='ocrx_word' id='word_1_160' title='bbox 548 2214 698 2298; x_wconf 77' lang='lat' dir='ltr'><strong>dogmam</strong></span> <span class='ocrx_word' id='word_1_161' title='bbox 722 2213 835 2277; x_wconf 88' lang='lat' dir='ltr'><strong>doctus</strong></span> <span class='ocrx_word' id='word_1_162' title='bbox 879 2264 887 2278; x_wconf 91' lang='lat'><strong>.</strong></span> <span class='ocrx_word' id='word_1_163' title='bbox 934 2265 941 2279; x_wconf 86' lang='lat'><strong>.</strong></span> <span class='ocrx_word' id='word_1_164' title='bbox 988 2266 994 2278; x_wconf 94' lang='lat'><strong>.</strong></span> 
     </span>
    </p>
   </div>
   <div class='ocr_carea' id='block_1_8' title="bbox 193 2334 1322 2889">
    <p class='ocr_par' dir='ltr' id='par_1_8' title="bbox 193 2334 1322 2889">
     <span class='ocr_line' id='line_1_22' title="bbox 263 2334 1209 2406; baseline 0.002 -17"><span class='ocrx_word' id='word_1_165' title='bbox 263 2334 423 2390; x_wconf 83' lang='lat' dir='ltr'><strong>Priscianus</strong></span> <span class='ocrx_word' id='word_1_166' title='bbox 446 2354 474 2405; x_wconf 86' lang='lat' dir='ltr'><strong>p.</strong></span> <span class='ocrx_word' id='word_1_167' title='bbox 489 2341 541 2390; x_wconf 77' lang='lat'><strong>679</strong></span> <span class='ocrx_word' id='word_1_168' title='bbox 564 2334 594 2388; x_wconf 91' lang='lat' dir='ltr'><strong>P.</strong></span> <span class='ocrx_word' id='word_1_169' title='bbox 624 2336 740 2390; x_wconf 85' lang='lat' dir='ltr'><strong>‘neutra</strong></span> <span class='ocrx_word' id='word_1_170' title='bbox 767 2335 893 2390; x_wconf 88' lang='lat' dir='ltr'><strong>eiusdem</strong></span> <span class='ocrx_word' id='word_1_171' title='bbox 920 2334 1144 2390; x_wconf 87' lang='lat' dir='ltr'><strong>terminationis’</strong></span> <span class='ocrx_word' id='word_1_172' title='bbox 1170 2339 1209 2406; x_wconf 86' lang='lat' dir='ltr'><strong>(a)</strong></span> 
     </span>
     <span class='ocr_line' id='line_1_23' title="bbox 194 2405 1209 2476; baseline 0.002 -16"><span class='ocrx_word' id='word_1_173' title='bbox 194 2407 314 2461; x_wconf 79' lang='lat' dir='ltr'><strong>‘Graeca</strong></span> <span class='ocrx_word' id='word_1_174' title='bbox 333 2409 447 2462; x_wconf 88' lang='lat' dir='ltr'><strong>suntet</strong></span> <span class='ocrx_word' id='word_1_175' title='bbox 466 2406 566 2461; x_wconf 87' lang='lat' dir='ltr'><strong>addita</strong></span> <span class='ocrx_word' id='word_1_176' title='bbox 583 2405 621 2460; x_wconf 87' lang='lat' dir='ltr'><strong>tis</strong></span> <span class='ocrx_word' id='word_1_177' title='bbox 640 2405 750 2461; x_wconf 84' lang='lat' dir='ltr'><strong>faciunt</strong></span> <span class='ocrx_word' id='word_1_178' title='bbox 770 2405 934 2476; x_wconf 83' lang='lat' dir='ltr'><strong>genetiuum</strong></span> <span class='ocrx_word' id='word_1_179' title='bbox 954 2450 959 2462; x_wconf 94' lang='lat'>.</span> <span class='ocrx_word' id='word_1_180' title='bbox 976 2449 981 2462; x_wconf 94' lang='lat'>.</span> <span class='ocrx_word' id='word_1_181' title='bbox 999 2451 1003 2461; x_wconf 94' lang='lat'>.</span> <span class='ocrx_word' id='word_1_182' title='bbox 1023 2407 1094 2461; x_wconf 88' lang='lat' dir='ltr'><strong>hacc</strong></span> <span class='ocrx_word' id='word_1_183' title='bbox 1111 2410 1209 2462; x_wconf 90' lang='lat' dir='ltr'><strong>tamen</strong></span> 
     </span>
     <span class='ocr_line' id='line_1_24' title="bbox 194 2476 1209 2548; baseline 0.001 -16"><span class='ocrx_word' id='word_1_184' title='bbox 194 2477 384 2546; x_wconf 85' lang='lat' dir='ltr'><strong>antiquissimi</strong></span> <span class='ocrx_word' id='word_1_185' title='bbox 413 2478 566 2532; x_wconf 88' lang='lat' dir='ltr'><strong>secundum</strong></span> <span class='ocrx_word' id='word_1_186' title='bbox 588 2478 709 2548; x_wconf 87' lang='lat' dir='ltr'><strong>primam</strong></span> <span class='ocrx_word' id='word_1_187' title='bbox 736 2476 955 2532; x_wconf 82' lang='lat' dir='ltr'><strong>declinationem</strong></span> <span class='ocrx_word' id='word_1_188' title='bbox 978 2494 1062 2548; x_wconf 86' lang='lat' dir='ltr'><strong>saepe</strong></span> <span class='ocrx_word' id='word_1_189' title='bbox 1084 2478 1209 2548; x_wconf 89' lang='lat' dir='ltr'><strong>protule-</strong></span> 
     </span>
     <span class='ocr_line' id='line_1_25' title="bbox 193 2548 1207 2619; baseline 0.002 -17"><span class='ocrx_word' id='word_1_190' title='bbox 193 2551 259 2603; x_wconf 91' lang='lat' dir='ltr'><strong>runt</strong></span> <span class='ocrx_word' id='word_1_191' title='bbox 278 2552 306 2603; x_wconf 91' lang='lat' dir='ltr'><strong>et</strong></span> <span class='ocrx_word' id='word_1_192' title='bbox 324 2548 434 2619; x_wconf 88' lang='lat' dir='ltr'><strong>generis</strong></span> <span class='ocrx_word' id='word_1_193' title='bbox 453 2548 582 2604; x_wconf 88' lang='lat' dir='ltr'><strong>feminini</strong></span> <span class='ocrx_word' id='word_1_194' title='bbox 602 2595 606 2604; x_wconf 90' lang='lat'><em>.</em></span> <span class='ocrx_word' id='word_1_195' title='bbox 624 2594 628 2605; x_wconf 95' lang='lat'><em>.</em></span> <span class='ocrx_word' id='word_1_196' title='bbox 646 2595 650 2604; x_wconf 95' lang='lat'><em>.</em></span> <span class='ocrx_word' id='word_1_197' title='bbox 668 2595 673 2606; x_wconf 89' lang='lat'>.</span> <span class='ocrx_word' id='word_1_198' title='bbox 693 2549 829 2604; x_wconf 90' lang='lat' dir='ltr'><strong>Laberius</strong></span> <span class='ocrx_word' id='word_1_199' title='bbox 847 2549 878 2602; x_wconf 91' lang='lat' dir='ltr'><strong>in</strong></span> <span class='ocrx_word' id='word_1_200' title='bbox 897 2549 1016 2604; x_wconf 75' lang='lat' dir='ltr'><strong>Cancro:</strong></span> <span class='ocrx_word' id='word_1_201' title='bbox 1034 2551 1097 2603; x_wconf 89' lang='lat' dir='ltr'><strong>nec’</strong></span> <span class='ocrx_word' id='word_1_202' title='bbox 1114 2566 1175 2618; x_wconf 86' lang='lat' dir='ltr'><strong>eq.</strong></span> <span class='ocrx_word' id='word_1_203' title='bbox 1187 2569 1207 2604; x_wconf 91' lang='lat' dir='ltr'><strong>s.</strong></span> 
     </span>
     <span class='ocr_line' id='line_1_26' title="bbox 193 2619 1208 2690; baseline 0.002 -16"><span class='ocrx_word' id='word_1_204' title='bbox 193 2621 356 2689; x_wconf 81' lang='lat' dir='ltr'><strong>Anonymus</strong></span> <span class='ocrx_word' id='word_1_205' title='bbox 380 2619 529 2674; x_wconf 85' lang='lat' dir='ltr'><strong>Beruensis</strong></span> <span class='ocrx_word' id='word_1_206' title='bbox 553 2619 583 2672; x_wconf 93' lang='lat' dir='ltr'><strong>in</strong></span> <span class='ocrx_word' id='word_1_207' title='bbox 605 2621 717 2690; x_wconf 88' lang='lat' dir='ltr'><strong>Hageni</strong></span> <span class='ocrx_word' id='word_1_208' title='bbox 741 2620 877 2674; x_wconf 82' lang='lat' dir='ltr'><strong>analectis</strong></span> <span class='ocrx_word' id='word_1_209' title='bbox 896 2619 1051 2675; x_wconf 88' lang='lat' dir='ltr'><strong>Helveticis</strong></span> <span class='ocrx_word' id='word_1_210' title='bbox 1069 2639 1096 2690; x_wconf 92' lang='lat' dir='ltr'><strong>p.</strong></span> <span class='ocrx_word' id='word_1_211' title='bbox 1112 2625 1154 2690; x_wconf 87' lang='grc'><strong>98,</strong></span> <span class='ocrx_word' id='word_1_212' title='bbox 1174 2627 1208 2676; x_wconf 81' lang='grc'><strong>33</strong></span> 
     </span>
     <span class='ocr_line' id='line_1_27' title="bbox 195 2691 1208 2762; baseline 0.002 -18"><span class='ocrx_word' id='word_1_213' title='bbox 195 2691 340 2746; x_wconf 87' lang='lat' dir='ltr'><strong>‘Laberius</strong></span> <span class='ocrx_word' id='word_1_214' title='bbox 364 2691 617 2762; x_wconf 79' lang='lat' dir='ltr'><strong>Pythagoream</strong></span> <span class='ocrx_word' id='word_1_215' title='bbox 640 2691 795 2762; x_wconf 86' lang='lat' dir='ltr'><strong>dogmam</strong></span> <span class='ocrx_word' id='word_1_216' title='bbox 819 2691 940 2746; x_wconf 91' lang='lat' dir='ltr'><strong>doctus</strong></span> <span class='ocrx_word' id='word_1_217' title='bbox 964 2709 1014 2762; x_wconf 91' lang='lat' dir='ltr'><strong>pro</strong></span> <span class='ocrx_word' id='word_1_218' title='bbox 1034 2692 1138 2762; x_wconf 87' lang='lat' dir='ltr'><strong>dogma</strong></span> <span class='ocrx_word' id='word_1_219' title='bbox 1158 2709 1208 2761; x_wconf 89' lang='lat' dir='ltr'><strong>po-</strong></span> 
     </span>
     <span class='ocr_line' id='line_1_28' title="bbox 194 2759 1322 2889; baseline 0.002 -74"><span class='ocrx_word' id='word_1_220' title='bbox 194 2762 271 2889; x_wconf 50' lang='lat' dir='ltr'><strong>scufits</strong></span> <span class='ocrx_word' id='word_1_221' title='bbox 308 2763 507 2887; x_wconf 52' lang='lat' dir='ltr'><strong>Iilbmfflffl&#39;</strong></span> <span class='ocrx_word' id='word_1_222' title='bbox 528 2768 543 2816; x_wconf 88' lang='lat'><strong>3</strong></span> <span class='ocrx_word' id='word_1_223' title='bbox 565 2761 711 2816; x_wconf 81' lang='lat' dir='ltr'><strong>‘Laberius</strong></span> <span class='ocrx_word' id='word_1_224' title='bbox 729 2777 796 2816; x_wconf 89' lang='lat' dir='ltr'><strong>uero</strong></span> <span class='ocrx_word' id='word_1_225' title='bbox 817 2759 901 2818; x_wconf 83' lang='lat' dir='ltr'><strong>dixit:</strong></span> <span class='ocrx_word' id='word_1_226' title='bbox 924 2763 954 2818; x_wconf 94' lang='lat' dir='ltr'><strong>P.</strong></span> <span class='ocrx_word' id='word_1_227' title='bbox 976 2761 1002 2818; x_wconf 87' lang='lat' dir='ltr'><strong>d.</strong></span> <span class='ocrx_word' id='word_1_228' title='bbox 1023 2761 1122 2817; x_wconf 88' lang='lat' dir='ltr'><strong>doctus</strong></span> <span class='ocrx_word' id='word_1_229' title='bbox 1144 2765 1207 2819; x_wconf 84' lang='lat' dir='ltr'><strong>est’</strong></span> <span class='ocrx_word' id='word_1_230' title='bbox 1321 2831 1322 2836; x_wconf 9' lang='grc' dir='ltr'><strong>Ἰ</strong></span> 
     </span>
    </p>

    <p class='ocr_par' dir='ltr' id='par_1_9' title="bbox 230 2851 1322 2888">
     <span class='ocr_line' id='line_1_29' title="bbox 230 2851 1322 2888; baseline 0.007 -1"><span class='ocrx_word' id='word_1_231' title='bbox 230 2851 303 2888; x_wconf 78' lang='lat' dir='ltr'><strong>,ino</strong></span> <span class='ocrx_word' id='word_1_232' title='bbox 332 2851 348 2887; x_wconf 92' lang='lat' dir='ltr'><strong>a</strong></span> <span class='ocrx_word' id='word_1_233' title='bbox 371 2878 376 2888; x_wconf 87' lang='lat'><strong>.</strong></span> <span class='ocrx_word' id='word_1_234' title='bbox 458 2877 463 2888; x_wconf 90' lang='lat'>.</span> <span class='ocrx_word' id='word_1_235' title='bbox 1321 2871 1322 2882; x_wconf 32' lang='grc' dir='ltr'><strong>κ</strong></span> 
     </span>
    </p>
   </div>
   <div class='ocr_carea' id='block_1_9' title="bbox 194 2913 1322 3082">
    <p class='ocr_par' dir='ltr' id='par_1_10' title="bbox 194 2913 1322 3082">
     <span class='ocr_line' id='line_1_30' title="bbox 266 2913 1322 3010; baseline 0 -16"><span class='ocrx_word' id='word_1_236' title='bbox 266 2940 366 2994; x_wconf 87' lang='lat' dir='ltr'><strong>doctus</strong></span> <span class='ocrx_word' id='word_1_237' title='bbox 390 2943 433 2994; x_wconf 89' lang='lat' dir='ltr'><strong>est</strong></span> <span class='ocrx_word' id='word_1_238' title='bbox 457 2957 538 2996; x_wconf 77' lang='lat' dir='ltr'><strong>arsos.</strong></span> <span class='ocrx_word' id='word_1_239' title='bbox 559 2940 644 2995; x_wconf 75' lang='lat' dir='ltr'><strong>Besa.</strong></span> <span class='ocrx_word' id='word_1_240' title='bbox 659 2957 689 3010; x_wconf 85' lang='lat' dir='ltr'><strong>p.</strong></span> <span class='ocrx_word' id='word_1_241' title='bbox 706 2945 770 3003; x_wconf 87' lang='lat'>109,</span> <span class='ocrx_word' id='word_1_242' title='bbox 794 2946 826 2993; x_wconf 80' lang='lat' dir='ltr'><strong>ut</strong></span> <span class='ocrx_word' id='word_1_243' title='bbox 845 2941 960 3007; x_wconf 72' lang='lat' dir='ltr'><strong>fortasse</strong></span> <span class='ocrx_word' id='word_1_244' title='bbox 984 2939 1097 2994; x_wconf 87' lang='lat' dir='ltr'><strong>doctust</strong></span> <span class='ocrx_word' id='word_1_245' title='bbox 1115 2941 1211 3008; x_wconf 79' lang='lat' dir='ltr'><strong>fucrit,</strong></span> <span class='ocrx_word' id='word_1_246' title='bbox 1321 2913 1322 2978; x_wconf 32' lang='lat' dir='ltr'>ss</span> 
     </span>
     <span class='ocr_line' id='line_1_31' title="bbox 194 3011 889 3082; baseline -0.003 -14"><span class='ocrx_word' id='word_1_247' title='bbox 194 3013 251 3068; x_wconf 77' lang='lat' dir='ltr'><strong>nisi</strong></span> <span class='ocrx_word' id='word_1_248' title='bbox 265 3013 357 3082; x_wconf 76' lang='lat' dir='ltr'><strong>primo</strong></span> <span class='ocrx_word' id='word_1_249' title='bbox 372 3013 440 3081; x_wconf 81' lang='lat' dir='ltr'><strong>pede</strong></span> <span class='ocrx_word' id='word_1_250' title='bbox 459 3028 586 3067; x_wconf 72' lang='lat' dir='ltr'><strong>masana</strong></span> <span class='ocrx_word' id='word_1_251' title='bbox 604 3013 744 3066; x_wconf 63' lang='lat' dir='ltr'><strong>senonum</strong></span> <span class='ocrx_word' id='word_1_252' title='bbox 761 3011 889 3066; x_wconf 79' lang='lat' dir='ltr'><strong>babemus</strong></span> 
     </span>
    </p>
   </div>
   <div class='ocr_carea' id='block_1_10' title="bbox 624 3212 780 3272">
    <p class='ocr_par' dir='ltr' id='par_1_11' title="bbox 624 3212 780 3272">
     <span class='ocr_line' id='line_1_32' title="bbox 624 3212 780 3272; baseline 0 0"><span class='ocrx_word' id='word_1_253' title='bbox 624 3212 780 3272; x_wconf 73' lang='lat' dir='ltr'><strong>clatus</strong></span> 
     </span>
    </p>
   </div>
   <div class='ocr_carea' id='block_1_11' title="bbox 193 3331 1213 3506">
    <p class='ocr_par' dir='ltr' id='par_1_12' title="bbox 193 3331 1213 3506">
     <span class='ocr_line' id='line_1_33' title="bbox 193 3331 1213 3435; baseline 0 -37"><span class='ocrx_word' id='word_1_254' title='bbox 193 3333 302 3398; x_wconf 73' lang='lat' dir='ltr'><strong>Homo</strong></span> <span class='ocrx_word' id='word_1_255' title='bbox 334 3331 436 3419; x_wconf 81' lang='lat' dir='ltr'><strong>frugi,</strong></span> <span class='ocrx_word' id='word_1_256' title='bbox 468 3331 555 3416; x_wconf 92' lang='lat' dir='ltr'><strong>quod</strong></span> <span class='ocrx_word' id='word_1_257' title='bbox 585 3331 651 3397; x_wconf 88' lang='lat' dir='ltr'><strong>tibi</strong></span> <span class='ocrx_word' id='word_1_258' title='bbox 683 3332 832 3396; x_wconf 88' lang='lat' dir='ltr'><strong>relictum</strong></span> <span class='ocrx_word' id='word_1_259' title='bbox 863 3335 911 3397; x_wconf 90' lang='lat' dir='ltr'><strong>est</strong></span> <span class='ocrx_word' id='word_1_260' title='bbox 941 3334 1060 3398; x_wconf 77' lang='lat' dir='ltr'><strong>retines</strong></span> <span class='ocrx_word' id='word_1_261' title='bbox 1089 3335 1213 3435; x_wconf 81' lang='lat' dir='ltr'><strong>miseri-</strong></span> 
     </span>
     <span class='ocr_line' id='line_1_34' title="bbox 942 3441 1098 3506; baseline 0.013 -2"><span class='ocrx_word' id='word_1_262' title='bbox 942 3441 1098 3506; x_wconf 84' lang='lat' dir='ltr'><strong>munium.</strong></span> 
     </span>
    </p>
   </div>
   <div class='ocr_carea' id='block_1_12' title="bbox 196 3559 1213 3700">
    <p class='ocr_par' dir='ltr' id='par_1_13' title="bbox 196 3559 1213 3700">
     <span class='ocr_line' id='line_1_35' title="bbox 267 3559 1213 3632; baseline 0.008 -20"><span class='ocrx_word' id='word_1_263' title='bbox 267 3560 376 3614; x_wconf 85' lang='lat' dir='ltr'><strong>Nonius</strong></span> <span class='ocrx_word' id='word_1_264' title='bbox 401 3566 465 3629; x_wconf 79' lang='lat'>214,</span> <span class='ocrx_word' id='word_1_265' title='bbox 486 3566 520 3614; x_wconf 84' lang='lat'><strong>20</strong></span> <span class='ocrx_word' id='word_1_266' title='bbox 549 3559 712 3630; x_wconf 63' lang='lat' dir='ltr'><strong>miseria,</strong></span> <span class='ocrx_word' id='word_1_267' title='bbox 744 3564 777 3615; x_wconf 91' lang='lat' dir='ltr'><strong>ut</strong></span> <span class='ocrx_word' id='word_1_268' title='bbox 807 3577 902 3632; x_wconf 76' lang='lat' dir='ltr'><strong>saepe,</strong></span> <span class='ocrx_word' id='word_1_269' title='bbox 935 3560 1046 3632; x_wconf 87' lang='lat' dir='ltr'><strong>generis</strong></span> <span class='ocrx_word' id='word_1_270' title='bbox 1073 3561 1213 3620; x_wconf 88' lang='lat' dir='ltr'><strong>feminini.</strong></span> 
     </span>
     <span class='ocr_line' id='line_1_36' title="bbox 196 3629 832 3700; baseline 0.002 -15"><span class='ocrx_word' id='word_1_271' title='bbox 196 3629 297 3685; x_wconf 82' lang='lat' dir='ltr'><strong>Neutn‘</strong></span> <span class='ocrx_word' id='word_1_272' title='bbox 315 3630 451 3685; x_wconf 89' lang='lat' dir='ltr'><strong>Laberius</strong></span> <span class='ocrx_word' id='word_1_273' title='bbox 471 3630 599 3687; x_wconf 82' lang='lat' dir='ltr'><strong>Carcere:</strong></span> <span class='ocrx_word' id='word_1_274' title='bbox 618 3631 713 3686; x_wconf 90' lang='lat' dir='ltr'><strong>homo’</strong></span> <span class='ocrx_word' id='word_1_275' title='bbox 730 3649 753 3686; x_wconf 89' lang='lat' dir='ltr'><strong>e.</strong></span> <span class='ocrx_word' id='word_1_276' title='bbox 769 3650 796 3700; x_wconf 92' lang='lat' dir='ltr'><strong>q.</strong></span> <span class='ocrx_word' id='word_1_277' title='bbox 811 3650 832 3686; x_wconf 89' lang='lat' dir='ltr'><strong>s.</strong></span> 
     </span>
    </p>
   </div>
   <div class='ocr_carea' id='block_1_13' title="bbox 0 0 1354 3950">
    <p class='ocr_par' dir='ltr' id='par_1_14' title="bbox 0 0 1354 3950">
     <span class='ocr_line' id='line_1_37' title="bbox 0 0 1354 3950; baseline 0 0"><span class='ocrx_word' id='word_1_278' title='bbox 0 0 1354 3950; x_wconf 95' lang='lat' dir='ltr'><strong> </strong></span> 
     </span>
    </p>
   </div>
  </div>
 </body>
</html>
