2674 3950
191 196 258 262 350
522 193 683 252 Ducmvs
701 195 881 252 LABERIVS

678 391 728 461 III

192 484 413 554 amorsbunda

265 605 373 660 Gellius
396 605 436 660 XI
459 611 506 676 15,
531 611 545 658 1
577 603 727 660 ‘Laberius
760 604 790 658 in
817 605 893 659 Lacu
920 604 1032 661 Auerno
1063 605 1210 664 muherem

191 680 334 732 amantem
359 677 446 732 uerbo
471 675 637 730 inusitatius
662 676 728 730 ficto
757 675 1025 731 amorabundam
1053 677 1133 733 dixit.
1175 679 1209 732 ld

190 748 308 804 uerbum
336 747 489 804 Caesellius
517 747 629 802 Vindex
660 749 691 802 in
719 746 921 804 commentario
952 747 1108 804 lectionum
1136 749 1210 804 anti-

190 837 310 889 quarum
333 836 367 874 ea
389 820 480 890 figura
505 819 641 888 scriptum
664 817 748 888 dixit,
777 835 834 887 qua
859 818 1030 890 ludibunda,
1056 819 1210 875 ridibunda

190 893 220 946 et
238 891 398 946 errabunda
417 890 522 945 dicitur
539 889 639 944 ludens
659 893 688 944 et
706 889 801 944 ridens
821 891 850 943 et
868 891 984 945 errans.’

515 1129 620 1190 LATE
645 1127 887 1200 LOQVENTES

259 1245 383 1302 Latine
396 1245 579 1313 loquentes
595 1244 754 1314 suspicatus
764 1244 988 1300 estliitschelius
998 1246 1207 1318 Parerg.1143:

189 1317 238 1371 sed
253 1317 287 1372 cf.
304 1316 372 1372 ccl.
383 1317 409 1370 ll
422 1321 475 1370 409
486 1315 517 1370 G.
531 1313 712 1388 ‘ntucvldyoe
725 1315 917 1384 latilcqueus.’
946 1316 1073 1372 Medicus
1088 1317 1206 1400 quidam

187 1387 300 1458 ineptus
314 1387 345 1441 in
359 1387 466 1442 anthol.
477 1388 516 1440 XI
530 1393 618 1455 3825
633 1384 820 1456 πλατυλέσχης
834 1386 945 1442 dicitur,
973 1388 1207 1454 Academ1corum

188 1459 422 1529 πλατυρημοσύνη
441 1457 550 1514 ridetur
568 1475 586 1512 a
604 1459 722 1514 Timone
742 1457 797 1514 sill.
813 1457 847 1514 ir.
862 1458 991 1514 XXXXII
1004 1459 1049 1514 W.

690 1645 706 1703 I
777 1727 834 1792 sed
858 1727 934 1792 dum
956 1729 1127 1813 populdria

187 1815 325 1904 Agimus
348 1838 405 1902 per
427 1816 541 1881 ludum

214 1983 218 1989 .
257 1923 368 1992 Nonius¹
391 1943 455 2006 150,
480 1942 514 1991 26
547 1935 759 2006 ‘populatia‚
793 1940 826 1992 ut
852 1937 969 2009 nugalia
996 1938 1043 1993 uel
1075 1939 1204 2009 puerilia.

186 2008 322 2063 Laberius
340 2009 424 2064 Late
442 2007 682 2076 loquentibus:
704 2024 720 2062 e
739 2007 826 2063 dum’
843 2025 866 2064 e.
881 2027 907 2078 q.
923 2027 944 2064 s.

259 2121 274 2168 1
294 2115 344 2170 sed
362 2117 461 2186 ecrspsi
481 2118 510 2169 et
528 2115 605 2168 FH¹
626 2132 641 2169 e
661 2136 683 2184 φ
701 2114 773 2169 haec
792 2115 927 2187 Sccbper:
945 2118 1004 2172 alm
1023 2119 1141 2174 crichet
1157 2120 1204 2187 fa·

186 2188 236 2242 cilc
250 2193 289 2242 est
355 2185 506 2256 popularia
519 2187 653 2242 Gemma
671 2185 793 2255 puerilia
806 2208 827 2240 ω
846 2187 998 2258 populacia
1011 2189 1120 2246 Ababa

680 2373 712 2431 Π

188 2473 254 2551 Qui
278 2473 392 2558 pedem
420 2495 460 2538 ex
488 2473 623 2538 tabe'rna
650 2473 799 2559 tullinum
830 2475 941 2542 tantm
967 2496 1041 2542 cum
1068 2475 1206 2544 maturet

934 2581 1038 2665 pluor.

257 2701 367 2757 Nonius
392 2706 456 2770 220,
476 2706 510 2754 32
538 2699 673 2770 ‘pluuia
697 2745 702 2756 .
723 2745 728 2756 .
750 2745 756 2756 .
779 2700 930 2756 masculini
956 2701 1092 2756 Laberius
1119 2702 1205 2758 Late

186 2774 364 2843 loquente:
390 2771 454 2841 qui’
475 2787 540 2840 eq.
556 2789 577 2828 s.

257 2881 379 2935 instaret
396 2881 542 2950 Hauptics
565 2881 653 2934 staret
671 2899 692 2932 ω

626 3100 763 3162 NATAL

135 3326 168 3374 60
187 3311 308 3395 cippus.
345 3309 439 3375 obba.
476 3309 617 3374 camella.
687 3226 702 3284 I

258 3432 325 3500 Isq.
346 3430 454 3486 Gellius
474 3430 537 3486 XVI
556 3436 580 3500 7,
600 3436 616 3484 9
639 3430 785 3486 ‘Laberius
884 3429 953 3486 item
975 3430 1006 3484 in
1027 3429 1127 3499 mimo,
1151 3431 1203 3499 qui

187 3501 351 3556 inscribitur
373 3501 483 3572 natal,
511 3501 646 3571 cippum
669 3501 740 3556 dicit
763 3505 792 3557 et
815 3502 937 3558 obbam
960 3504 989 3558 et
1012 3500 1201 3558 camellam.
1318 3513 1319 3536 ³

189 3575 217 3627 et
237 3571 422 3642 pittacium
441 3575 470 3627 ct
491 3573 665 3643 capitium.
702 3573 812 3644 Induis,
830 3573 937 3644 inquit,
956 3572 1105 3644 capitium,
1123 3575 1145 3628 t.
1159 3575 1200 3644 p.’
