2696 3946
329 213 379 268 EX
397 213 564 270 INCERTIS
583 214 823 270 INCERTORVM
841 215 995 271 FABVLIS
1106 215 1169 280 133

640 381 685 442 IV

153 483 241 550 Nam
265 484 344 569 quid
366 485 455 550 modi
477 485 638 550 facturust
659 485 727 550 risu
751 484 914 569 denique?

154 590 230 657 Nisi
253 591 361 676 pictor
382 592 453 656 fieri
477 592 563 678 uult,
586 592 643 677 qui
665 593 734 657 risu
757 593 928 657 m6rtuust.
1194 610 1227 658 10

227 730 328 785 Festus
353 749 380 801 p.
401 736 453 785 209
481 731 584 801 ‘pictor
611 730 712 785 Zeuxis
739 730 798 785 risu
823 733 980 800 emortuus,
1007 731 1075 784 dum
1100 731 1175 786 ridet

157 801 244 856 effirse
262 801 370 872 pictam
389 819 406 856 a
426 818 455 856 se
479 819 565 856 anum
587 810 685 873 γραῦν.
723 819 772 855 cur
794 802 848 856 hoo
870 801 933 856 loco
957 801 1079 856 relatum
1103 802 1175 857 sita

155 872 268 942 Venio,
293 890 357 926 oum
380 873 415 927 de
440 872 601 943 significatu
620 873 770 927 uerborum
789 872 911 927 seribere
929 873 1106 943 propositum
1124 874 1175 928 ha-

155 943 263 1012 buerit,
287 943 419 1012 equidem
441 960 498 998 non
520 943 618 1014 uideo,
642 961 706 998 oum
728 943 883 998 uersiculos
907 961 1019 1013 quoque
1038 960 1072 998 ea
1091 945 1126 998 de
1144 960 1175 999 re

156 1014 300 1070 rettulerit
318 1018 347 1069 et
365 1013 477 1085 ineptos
496 1014 567 1069 satis
582 1018 611 1070 et
629 1014 736 1070 nullius
755 1015 890 1070 auotoris'
910 1015 1083 1085 (‘praetoris’
1104 1016 1174 1084 eod,

156 1102 225 1140 eorr.
236 1085 422 1156 Augustinus)
442 1087 600 1156 ‘praetexto
613 1085 735 1156 nomine,
752 1085 802 1155 qui
820 1089 917 1141 tamen
935 1090 1002 1141 sunt
1019 1085 1063 1142 hi:
1081 1087 1172 1141 nam’

156 1172 180 1211 e.
200 1173 226 1224 q.
247 1174 268 1211 s.
305 1157 437 1211 Fortasse
456 1157 491 1211 de
511 1174 567 1211 anu
586 1157 616 1212 in
634 1157 846 1212 matrimonium
865 1158 994 1212 ducenda
1012 1157 1115 1228 agitur.

229 1270 244 1316 1
264 1263 390 1318 facturus
409 1265 467 1320 eod.
541 1263 612 1335 risu]
631 1281 670 1319 aa
688 1263 763 1320 ista?
782 1265 817 1332 of.
837 1265 927 1321 coroll.
946 1263 994 1318 XL
1067 1269 1083 1317 2
1102 1280 1175 1318 mor-

156 1336 224 1389 tuus
244 1336 363 1391 estred.

652 1431 680 1488 V

158 1530 309 1616 Quinque
341 1531 452 1597 Thasii
491 1532 561 1597 uini
603 1533 789 1617 depromam
821 1532 1048 1620 <amphoras>,
1082 1534 1175 1599 binas

746 1637 884 1704 Falerni.

228 1759 338 1814 Plinius
357 1763 416 1814 nat.
431 1759 497 1814 hist.
512 1760 577 1816 XIV
588 1766 630 1830 14,
641 1765 674 1814 16
696 1759 747 1814 ‘sio
766 1776 878 1828 quoque
895 1763 996 1830 postea
1015 1761 1064 1814 diu
1083 1765 1175 1816 trans·

156 1831 268 1886 marina
286 1831 316 1884 in
335 1831 506 1886 auctoritate
525 1831 640 1886 fuerunt
658 1833 688 1886 et
706 1831 743 1886 ad
763 1847 832 1885 auos
851 1848 940 1899 usque
958 1834 1082 1902 nostros,
1107 1833 1176 1901 quin

158 1905 187 1956 et
201 1901 320 1957 Falerno
335 1902 393 1957 iam
407 1905 527 1972 reperto,
543 1901 616 1956 siout
634 1903 753 1972 adparet
772 1918 810 1956 ex
828 1901 892 1956 illo
912 1903 1041 1957 comico
1059 1919 1174 1958 uersu:
1254 1915 1257 1921 ’

157 1973 294 2042 quinque'
315 1990 338 2030 e.
353 1991 379 2042 q.
395 1991 416 2028 s.
436 1973 571 2043 (oomioi
588 1974 651 2028 Par.
670 1973 705 2044 E)
767 1973 813 2027 Ad
832 1972 949 2028 Sullana
967 1977 1095 2044 tempora
1113 1991 1175 2029 rer-

158 2062 220 2098 sum
239 2061 256 2099 a
274 2043 368 2100 Plinio
387 2045 485 2100 referri
503 2044 614 2114 monuit
631 2045 828 2100 Lachmannus
847 2044 878 2098 in
895 2045 975 2100 Luor.
995 2051 1056 2102 32⁷.

230 2150 317 2219 quina
335 2153 406 2207 coni.
426 2152 560 2223 Maytoff
670 2150 753 2204 binas
771 2152 871 2221 scripsi
897 2150 966 2206 bina
985 2152 1076 2208 Hard.
1107 2151 1176 2206 uina

162 2223 249 2278 Vatia
267 2221 313 2276 D²
331 2222 392 2276 uini
411 2243 433 2292 φ
506 2222 575 2290 quin
593 2221 691 2276 Thasii
709 2221 770 2275 uini
789 2222 862 2276 dena
879 2239 1015 2292 promam,
1034 2223 1104 2277 bina
1122 2223 1175 2277 Fa-

156 2292 229 2348 lerni
249 2292 326 2347 dolia
345 2295 503 2350 dubitanter
512 2294 709 2350 Lachmamaro
726 2295 910 2350 uxamam
926 2294 1078 2350 LBooteri
1096 2297 1176 2365 quast

157 2365 340 2420 Matianum
358 2364 483 2434 quinque
497 2363 585 2419 Thasi
603 2363 664 2418 uini
683 2364 855 2434 depromam,
873 2364 943 2419 bina
961 2364 1075 2420 Falerni
1092 2383 1175 2437 repa·

158 2437 249 2491 diana.
288 2437 338 2489 uin
356 2435 454 2490 Thasii
472 2435 534 2490 uini
553 2436 725 2505 depromam,
743 2436 794 2489 uin
811 2435 944 2492 Falerni?
963 2480 969 2491 .
986 2480 992 2490 .
1009 2480 1014 2490 .
1034 2438 1098 2492 Bae

158 2745 165 2758 .
189 2746 196 2758 .
221 2693 349 2778 qualem
373 2693 504 2760 demens
527 2695 588 2759 iste
612 2594 815 2778 ohlimydem
839 2693 1017 2780 disperdit?
1041 2746 1048 2761 .
1072 2745 1079 2759 .

229 2831 421 2887 Tertullianus
440 2833 475 2888 de
493 2832 582 2902 pallio
596 2839 614 2887 4
630 2833 754 2902 ‘prorsus
774 2833 799 2887 si
817 2833 880 2902 quis
899 2833 1080 2888 Maeandrioo
1099 2833 1176 2888 fluxu

158 2903 312 2958 delicatam
334 2906 444 2958 uestem
467 2903 547 2958 humi
569 2903 731 2974 protrahat,
760 2905 860 2960 audiat
884 2921 957 2974 pone
982 2921 1012 2958 se
1035 2905 1111 2973 quod
1134 2906 1174 2958 et’

157 2975 240 3047 (rita)
261 2974 441 3030 ‘comicusz
461 2975 611 3043 qualem'
633 2991 656 3031 e.
676 2993 702 3044 q.
722 2993 743 3030 s.

637 3135 697 3193 VII

159 3286 384 3300 ........
408 3234 467 3299 hui
489 3235 609 3300 uictrix
631 3234 752 3321 Venus,
775 3233 906 3301 uidesne
929 3235 1030 3302 haee?
1140 3255 1227 3330 13s14

229 3373 318 3429 Varro
338 3373 526 3430 dativae
546 3374 704 3428 ‘ethorum
722 3372 875 3429 uinetionis
894 3374 938 3429 uis
957 3376 1080 3447 Venus;
1106 3377 1176 3432 hino

158 3444 324 3502 comicus:
349 3445 424 3499 hui'
445 3461 514 3513 eq.
535 3463 555 3499 s.
595 3445 662 3499 ‘non
681 3445 757 3512 quod
775 3445 888 3500 uinoere
906 3446 978 3502 uelit
996 3448 1105 3518 Venus,
1126 3450 1176 3504 sed

157 3515 285 3571 uincire!
324 3516 486 3586 (comicus
504 3516 608 3570 Laetus
627 3515 776 3570 oomioos
794 3516 866 3572 Flor.
887 3518 1029 3573 comites
1051 3519 1174 3575 Vindob.

158 3587 246 3644 Basil.
267 3587 356 3658 apud
375 3587 522 3642 comicos
541 3587 571 3642 L.
592 3585 769 3656 Spengelius)
