2674 3950
296 214 326 269 L.
346 213 558 268 POMPONIVS
577 215 821 272 BONONIENSIS
858 217 995 272 NOVIVS
1092 218 1156 282 307

141 373 346 471 unuaniiatem,
369 377 402 428 ut
424 375 630 444 Pomponius
654 379 772 431 noster
796 394 845 430 suo
864 377 925 430 iure
943 378 1034 447 possit
1053 378 1157 434 dicere:

142 463 198 498 n1s1
230 461 252 500 e.
269 463 294 512 q.
311 464 332 500 s.

614 577 685 636 vIX?

133 667 281 755 Quidam
300 679 378 744 adeo
398 680 432 744 in
450 679 590 744 latebras
608 679 771 766 fugerunt,
790 685 828 745 aa
842 685 959 766 putent
977 683 1011 746 in
1028 683 1158 748 turbido

139 785 229 851 'Esse
253 786 410 870 quidquid
434 788 482 850 est
505 787 540 850 in
562 787 642 850 luce.
979 778 985 788 ’

212 909 320 963 Seneca
338 907 419 976 episi.
437 914 462 976 3,
482 913 497 960 6
519 907 631 976 ‘itaque
649 908 704 962 hoc
723 909 798 976 quod
823 909 913 978 apud
936 909 1159 979 Pomponium

141 979 207 1050 legi,
227 979 321 1034 animo
340 978 534 1034 mandabitur:
554 979 681 1048 quidam’
698 995 762 1048 eq.
779 997 800 1034 s.

212 1091 226 1138 1
246 1085 380 1154 fugerunt
398 1087 482 1140 Beros.
507 1084 685 1154 effungeruni
704 1087 765 1140 Erl.
789 1085 983 1156 transfugiunt
1006 1088 1092 1142 Votio.
1113 1109 1158 1158 oy

140 1157 233 1212 Polct.
247 1157 328 1211 Alex.
346 1157 431 1212 ottob.
451 1156 616 1226 refugerunt
635 1158 699 1212 boni
717 1174 808 1212 omues
830 1157 958 1227 refugere
976 1159 1104 1213 Haasa'us

138 1227 216 1296 turpi
238 1227 301 1281 loco
321 1229 382 1282 Eri.
475 1233 490 1279 2
514 1227 544 1280 in
568 1227 630 1280 luce
654 1230 697 1282 est
720 1249 755 1297 ω,
781 1231 940 1297 transposui
963 1247 1025 1284 cam
1047 1231 1157 1285 Haasio

193 1299 261 1353 Noc
279 1299 431 1353 Atellanico
445 1305 541 1366 poetae
559 1301 676 1366 dietam,
696 1301 743 1354 sed
761 1317 795 1354 oa
809 1301 966 1369 philosophi
983 1303 1057 1355 velut
1075 1301 1155 1356 Pom-

135 1370 206 1440 poio'
228 1369 349 1424 Secundi
371 1371 409 1424 od
434 1370 581 1424 Thraseam
607 1371 676 1424 libro
699 1372 887 1440 depromptam
909 1373 1071 1426 secantium
1090 1389 1157 1443 pso-

137 1443 242 1496 saicom
260 1458 313 1496 esse
331 1459 406 1495 onoc
425 1442 470 1510 (of.
485 1442 576 1496 coroll.
591 1440 741 1511 LXXXIII)
759 1443 813 1497 sibi
827 1445 968 1511 persuasit
986 1443 1049 1498 Boe

624 1645 667 1704 XI

138 1727 271 1794 dicteria

208 1849 368 1904 Macrobius
388 1849 446 1903 Sat.
464 1849 491 1902 Π
511 1856 583 1918 1,14
604 1849 723 1904 ‘Nouius
743 1867 810 1904 uero
829 1851 1057 1920 Pomponiusque
1077 1850 1155 1906 iocos

136 1938 192 1974 non
211 1938 274 1974 raro
294 1919 445 1974 dicteria
463 1921 632 1975 nominans!¹
653 1921 785 1992 (neuius
804 1922 913 1991 Bamb.)

614 2125 673 2184 XII

137 2207 300 2271 murcidus
941 2261 944 2268 .
1154 2229 1205 2276 195

208 2329 383 2399 Augustinus
399 2330 433 2382 de
448 2329 501 2384 civ.
517 2329 563 2384 dei
577 2330 616 2384 IV
632 2336 665 2384 16
681 2331 775 2384 ‘deam
788 2331 935 2399 Murciam,
954 2347 1027 2400 quae
1041 2333 1153 2400 praetor

136 2400 252 2454 modum
274 2417 330 2454 non
349 2403 475 2454 moueret
494 2417 527 2454 ao
549 2401 656 2455 faceres
678 2401 833 2470 hominem,
857 2405 890 2456 ut
913 2401 955 2456 ait
972 2401 1152 2472 Pomponius,

137 2471 340 2540 murcidum,
359 2471 389 2524 id
409 2475 452 2526 cst
469 2471 553 2525 nimis
573 2472 746 2526 desidiosum
765 2476 794 2526 ei
812 2473 1009 2528 inactuosum)

495 2725 788 2871 Novius

539 2976 745 3037 AGRIOOLA

205 3094 303 3162 Neque
323 3091 464 3164 ’Ἀγροικος
486 3093 532 3148 vel
554 3091 691 3164 ”Ayooaws
717 3111 809 3162 neque
833 3092 957 3164 Γεωργοί
980 3095 1150 3149 Graecorum

135 3165 191 3220 huc
208 3165 359 3235 pertinent.

635 3298 651 3356 I

133 3387 276 3486 Edepol,'
294 3404 462 3484 paternam
486 3399 545 3484 qui
566 3403 687 3464 comesi
709 3400 878 3483 pecuniam

204 3521 313 3576 Nonius
328 3528 371 3590 81,
386 3527 420 3576 24
436 3523 640 3590 ‘comesipro
655 3520 778 3574 comens
793 3565 798 3576 .
815 3565 820 3576 .
837 3565 842 3576 .
857 3521 966 3576 Nouius
980 3523 1147 3578 Fullonibus

132 3592 242 3647 feriatis
263 3594 298 3666 [Ι]
317 3592 393 3647 idem
412 3592 556 3663 Agricola:
577 3592 687 3662 edepol’
704 3609 727 3646 e.
743 3609 769 3660 q.
785 3610 806 3648 s.

933 3685 986 3738 20*
