2674 3950
383 209 413 265 L.
432 209 643 264 POMPONIVS
663 209 906 264 BONOMENSIS
1087 213 1151 277 301

208 388 224 424 o
248 373 329 426 initio
352 378 450 440 septen.
470 372 553 426 trost.
572 373 630 425 iam
647 372 803 438 Betucius,
827 389 877 427 om.
897 393 918 425 ω
1010 352 1086 440 quoi
1110 375 1153 442 W,

133 444 255 568 mm
344 441 412 496 illae
434 444 494 498 edd.
517 441 566 496 ille
585 463 606 495 ω
698 441 816 496 diuitias
839 446 871 497 ia
893 444 1021 498 woicam
1044 451 1153 500 coatra-

500 628 785 698 QVINQVATRVS

135 747 235 812 Ve'nit
259 770 318 813 nos
342 749 505 834 rogatum,
534 749 661 832 quaudo
684 751 813 813 nostras
837 753 943 814 essent
966 747 1128 833 Seplasiae
1153 767 1205 816 160

206 869 316 924 Nonius
336 876 396 938 226,
413 877 445 924 18
467 870 641 940 ‘Seplasia
659 869 787 924 feminini
808 914 812 925 .
830 914 835 925 .
852 915 857 926 .
877 870 1048 940 Pomponius
1066 869 1152 936 Quin-

137 941 298 1009 quatribus:
317 941 426 1011 uenit,
445 941 551 1011 inquit,
570 943 738 1012 rogatum'
755 959 778 997 a.
794 959 819 1010 q.
835 960 856 997 s.

207 1046 287 1101 uenit
305 1064 356 1102 nos
375 1050 506 1118 rogatum
520 1051 639 1104 Bottias
656 1048 736 1103 uenit
754 1048 848 1117 inquit
865 1052 997 1119 rogatum
1015 1064 1066 1101 nos
1086 1068 1107 1101 ω

136 1118 194 1172 sint
208 1121 326 1174 Bothias
381 1119 519 1188 seplasiae
534 1121 565 1174 E
582 1120 719 1189 seplasiae
738 1141 759 1188 φ
814 1120 919 1174 ‘uenit'
936 1119 1042 1188 inquit,
1059 1121 1153 1188 ‘rogat

135 1207 187 1244 nos
205 1193 312 1258 quanto
331 1209 358 1245 n.
376 1207 399 1245 a.
418 1192 450 1244 s.'
472 1193 507 1260 (h.
523 1209 544 1244 e.
563 1209 661 1246 merces
678 1193 890 1261 aapueatariae)
909 1193 971 1247 Boe
994 1189 1086 1257 uenit,
1110 1193 1152 1242 in-

40 1305 49 1320 .
136 1261 207 1329 quit,
225 1278 277 1314 nos
296 1280 317 1316 r.
337 1280 357 1316 cc
375 1261 462 1330 usnit,
482 1261 583 1330 inquit,
601 1265 733 1332 rogatum
751 1264 826 1335 [nos]
843 1263 948 1318 ostova
1007 1264 1152 1332 Vapoeuta

134 1333 268 1387 nimirum
289 1335 398 1404 ropaott
421 1350 464 1387 eos
486 1335 537 1402 (vel
557 1336 613 1404 eas)
636 1351 751 1403 quoram
773 1341 844 1388 totas
867 1334 1007 1403 Seplasias
1029 1351 1082 1388 esse
1100 1351 1152 1402 per

135 1405 224 1459 iocum
241 1405 337 1475 papia
356 1422 389 1459 ac
404 1406 485 1459 latere
499 1406 530 1458 ia
544 1406 592 1458 illo
610 1403 704 1472 inquit
717 1406 808 1473 ipsum
825 1408 970 1474 unguenta
984 1406 1048 1459 olim
1061 1405 1151 1473 suspi-

134 1483 298 1602 ppppsvseppp}
313 1477 437 1546 quumvis
452 1493 544 1530 uersas
558 1477 631 1543 effici
643 1477 692 1530 uix
705 1478 792 1545 possit
804 1477 866 1571 nisi*
874 1477 1049 1546 transpositis
1062 1477 1150 1530 auda-

546 1661 738 1721 RVSTIOVS

137 1780 222 1872 Quid
235 1785 321 1845 nuno
334 1782 386 1845 uis
400 1782 493 1846 fieri?
513 1819 555 1828 —
569 1781 705 1846 Varram
718 1803 808 1846 sums
823 1782 945 1867 dapsile
960 1803 996 1846 ao
1011 1780 1150 1844 dilucida

204 1901 313 1958 Nonius
333 1908 393 1972 513,
413 1909 446 1957 26
468 1902 633 1972 ‘dapsiles

206 2009 281 2064 huno
299 2011 376 2065 Bao
396 2010 451 2065 huo
470 2011 613 2066 HLPW
664 2026 743 2064 uerre
763 2011 912 2065 Madotoas
971 2026 1069 2063 sumen
1087 2010 1149 2064 Bae

134 2083 169 2148 of.
186 2082 254 2136 Hor.
269 2090 320 2136 sat.
335 2082 361 2135 H
381 2088 404 2151 7,
421 2088 471 2135 106

516 2249 771 2309 SAROVLARIA

207 2363 246 2418 cf.
267 2363 372 2418 Caecili
389 2363 543 2419 Rastraria.

135 2490 229 2557 Altsr
252 2495 338 2556 amat
359 2495 453 2575 potat
474 2491 632 2577 prodigit,
657 2494 783 2575 patre‘m
805 2492 948 2577 suppilat
970 2493 1103 2575 sampar.

206 2613 316 2668 Nonius
336 2619 408 2681 13,1
431 2611 619 2682 ‘suppilara
638 2616 682 2667 est
699 2613 827 2668 inuolare
845 2613 892 2666 uel
910 2629 1020 2682 rapere,
1043 2611 1150 2680 apilo-

136 2703 199 2738 rum
216 2687 309 2755 raptu,
330 2685 404 2738 unde
424 2687 452 2738 et
470 2684 576 2737 furtum
593 2684 672 2754 passi
690 2684 836 2754 compilati
855 2684 988 2738 dicuntur
1068 2684 1149 2736 Pom-

137 2756 239 2825 ponius
258 2755 430 2811 Sarcularia:
451 2756 532 2810 alter’
549 2772 572 2810 e.
588 2773 614 2824 q.
630 2774 650 2810 s.

137 2862 281 3005 Fprppp
304 2865 382 2917 amat
406 2865 489 2932 potat
512 2863 677 2922 Gulielmius
705 2863 825 2916 alteram
847 2862 981 2931 adportat
1006 2863 1150 2931 (apportat

295 2955 316 2988 0)

565 3049 724 3108 SATVRA

636 3175 652 3232 I

138 3245 288 3338 Ouiusui's
311 3273 430 3358 leporis
452 3273 555 3338 Liber
578 3275 756 3340 diademam
780 3275 875 3340 dedit.

206 3395 365 3450 Priscianus
388 3414 415 3465 p.
431 3401 482 3450 679
501 3397 531 3451 P.
553 3396 738 3466 ‘Pomponius
760 3396 791 3451 in
815 3397 929 3452 satura:
953 3396 1149 3454 cuiusuis

136 3519 235 3660 papa)
251 3537 302 3590 pro
327 3520 503 3575 diadema?
526 3482 734 3591 (Pompinius
753 3523 822 3594 aeg.
846 3521 1045 3592 pompatus
1064 3521 1148 3579 Halo.

161 3609 193 3644 Γ.
209 3607 226 3643 a
