2674 3950
178 241 245 306 334
417 241 565 296 INCERTI
583 241 737 296 NOMINIS
756 240 952 306 RELIQVIAE

251 399 400 456 Suetonius
423 401 485 454 vita
503 400 610 454 Tiberii
628 407 663 454 45
684 401 769 454 ‘unde
792 402 871 455 nota’
893 401 1004 468 (‘mora'
1020 398 1141 453 Rothius
1161 416 1197 452 ex

178 471 293 542 optimis
311 472 402 542 libris)
421 471 451 525 in
469 471 669 526 Atellanico
689 471 811 526 exodio
829 471 963 542 proximis
983 471 1057 524 ludis
1077 487 1196 524 assensu

177 543 301 598 maximo
333 546 451 612 excepta
481 543 668 613 percrebruit:
705 542 838 597 hircum
872 542 1027 596 uetulum
1059 541 1197 611 capreis

177 618 337 668 naturam
359 614 545 684 ligurrire.'

248 721 394 776 Sotadiwm
411 723 515 787 aotcoi,
533 723 673 776 senariam
691 709 804 790 ligi'nrit
821 722 953 774 naturam
971 721 1064 774 hircus
1082 719 1198 774 uetulus

180 792 294 862 Oapreis
313 794 376 848 Bae
390 795 536 862 proposuit

671 923 699 980 V

171 1025 323 1110 Ὑγίαινε
347 1027 463 1111 πάτερ,
486 1026 616 1108 ὑγίαινε
636 1033 736 1108 μῆτερ
784 1077 789 1088 .
837 1077 842 1088 .
890 1077 895 1088 .

590 1130 608 1171 -t
762 1131 781 1172 ’l‘

675 1175 695 1216 tl<

142 1260 158 1308 o
223 1237 325 1304 Orcus
348 1237 443 1302 uobis
467 1237 555 1301 ducit
577 1238 674 1321 pede‘s
721 1290 726 1301 .
774 1291 780 1302 .
828 1290 833 1302 .
882 1290 887 1302 .

249 1358 398 1414 Suetonius
413 1359 474 1414 vita
487 1359 607 1413 Neronis
623 1365 656 1412 39
673 1359 790 1412 ‘Datus
805 1359 1046 1414 Atellanarum
1064 1361 1195 1415 histrio

176 1431 211 1484 in
230 1431 367 1486 cantico
387 1431 533 1499 quodam
550 1432 688 1500 ὑγίαινε
711 1429 831 1498 πάτερ,
855 1429 992 1498 ὑγίαινε
1016 1441 1117 1501 μῆτερ
1141 1432 1196 1486 ita

178 1503 490 1571 demonstrauerat‚
517 1503 553 1554 ut
575 1501 753 1555 bibentem
775 1504 1021 1570 natantemque
1044 1503 1194 1573 faceret,

177 1573 284 1628 exitum
304 1572 413 1626 scilicet
432 1572 532 1626 Claudi
550 1571 780 1642 Agrippinaeque
799 1572 974 1642 significans:
999 1576 1028 1627 et
1048 1573 1079 1626 in
1097 1574 1194 1628 nouis-

178 1645 249 1698 sima
273 1643 412 1698 clausula:
442 1643 547 1697 Orcus
571 1643 670 1696 uobis
695 1643 792 1697 ducit
816 1645 933 1713 pedes,
958 1647 1087 1698 senatum
1110 1649 1194 1714 gestu

176 1718 298 1770 notarat.
335 1713 508 1768 Histrionem
532 1716 561 1768 et
583 1713 793 1784 philosophum'
813 1715 962 1784 (Isidorum
985 1715 1133 1784 Cynicum,
1158 1717 1194 1770 de

177 1804 233 1855 quo
257 1803 347 1840 sermo
370 1785 473 1855 fuerat)
499 1785 588 1838 ‘Nero
611 1785 684 1838 nihil
708 1785 828 1855 amplius
852 1803 937 1854 quam
960 1787 1029 1841 urbe
1052 1787 1195 1855 Italiaque

178 1857 331 1912 summouit
353 1856 400 1910 uel
423 1859 585 1926 contemptu
610 1856 700 1910 omnis
723 1857 858 1911 infamiae
881 1857 928 1911 uel
950 1874 986 1910 ne
1008 1857 1124 1913 fatendo
1144 1859 1195 1912 do-

177 1929 266 1984 lorem
284 1927 410 1982 irritaret
428 1927 562 1997 ingenia!

178 2109 197 2162 d
250 2042 311 2105 loq.
332 2036 431 2090 Versae
448 2035 555 2104 prioris
577 2037 685 2089 cameri
707 2036 832 2102 iambici,
854 2037 968 2092 alterius
992 2037 1131 2090 boccbiooi
1152 2038 1194 2090 ol-

197 2115 278 2162 eatus
296 2123 349 2162 cose

662 2219 706 2278 VI

179 2321 316 2406 Siquid
343 2321 544 2386 monumenti
571 2321 666 2385 nacta
689 2325 738 2385 est
764 2323 820 2406 qui
844 2343 917 2386 eum
939 2321 1125 2406 requireret.
1150 2361 1194 2368 -

177 2428 239 2493 Est
261 2429 416 2514 ungulus,
440 2451 535 2512 quem
559 2429 589 2492 ei
612 2426 693 2512 <ui>
717 2429 856 2492 detraxit
879 2429 977 2492 ebrio

249 2550 348 2604 Festus
371 2568 399 2618 p.
415 2556 466 2604 375
490 2551 527 2606 M.
554 2549 717 2620 ‘ungulus
743 2550 877 2604 Oscorum
899 2549 998 2620 lingua
1021 2549 1134 2617 anulus,
1160 2552 1196 2604 ut

179 2664 296 2676 ......
317 2621 345 2674 si
368 2621 465 2689 quid’
487 2638 509 2676 e.
525 2639 550 2690 q.
567 2640 587 2676 s.
627 2621 782 2675 ‘Pacuuius
805 2621 836 2674 in
858 2619 949 2674 Iliona
970 2620 1046 2692 [XVI
1060 2621 1077 2675 .’
1115 2621 1194 2674 Inter

178 2693 328 2747 Atellanae
346 2691 505 2763 fragmenta
523 2693 633 2762 reliqui,
653 2691 720 2760 quia
735 2691 838 2746 Oscum
856 2708 917 2746 esse
935 2691 1044 2745 vocabu
1057 2709 1103 2744 um
1121 2690 1194 2746 dicit

177 2765 288 2832 Festus3
315 2781 486 2832 quamquam
504 2763 619 2818 minime
638 2766 745 2818 certum
762 2763 793 2816 id
812 2780 872 2817 esse
893 2762 1087 2817 testimonium
1104 2763 1194 2816 nemi-

180 2852 246 2890 nem
263 2835 360 2905 fugere
379 2837 480 2904 potest.

251 2949 265 2995 1
290 2941 339 3010 qui
362 2958 426 2994 eum
449 2942 659 2996 Lindemaaaos
684 2941 733 3009 qui
757 2958 852 2995 eorum
875 2943 932 2996 cod.
960 2958 1031 3009 quor
1055 2940 1085 2996 0.
1101 2939 1195 2995 Mael-

179 3016 250 3070 leras
323 3019 338 3066 2
358 3012 384 3067 ei
403 3013 433 3066 ui
451 3015 550 3082 scripsi
568 3012 594 3066 ei
613 3014 670 3068 cod.
690 3011 788 3066 ennius
809 3013 869 3067 Vct.
884 3014 912 3068 R

652 3197 712 3256 VH

178 3305 290 3348 casnar

249 3404 338 3458 Varro
363 3403 397 3457 de
420 3403 438 3456 l.
458 3403 543 3458 LVII
561 3408 595 3456 29
616 3403 654 3456 M.
680 3403 825 3455 ‘cascum
852 3403 933 3455 uetus
962 3417 1022 3456 esse
1051 3401 1194 3472 significat

178 3474 285 3529 Ennius
384 3474 454 3528 item
478 3473 602 3528 ostendit
620 3472 722 3542 Papini
741 3473 770 3542 (l.
787 3473 942 3543 ‘Pompili’)
963 3472 1193 3543 ἐπιγραμμάτιον,

179 3546 257 3615 quod
277 3545 308 3598 in
328 3545 537 3599 adulescentem
555 3545 662 3598 fecerat
680 3543 796 3599 Cascam
816 3587 821 3598 .
838 3588 843 3598 .
861 3588 866 3598 .
885 3543 954 3598 item
974 3543 1097 3598 ostendit
1116 3544 1194 3612 quod

180 3617 316 3686 oppidum
333 3618 452 3670 uocatur
469 3615 601 3670 Casinum
621 3661 626 3670 .
643 3659 648 3670 .
666 3659 671 3671 .
690 3615 760 3670 item
779 3614 920 3684 significat
938 3615 968 3670 in
982 3615 1120 3670 Atellanis
1139 3613 1193 3669 ali-
