2674 3950
314 233 582 290 ANONYMORVM
600 234 780 289 MIMORVM
798 233 995 300 RELIQVIAE
1099 235 1165 299 375

148 444 152 452 -
214 399 377 464 Iuvenalis
399 397 447 463 VI
475 398 519 461 44
548 398 591 462 ‘si
623 397 833 463 moechorum
865 398 1054 462 notissimus
1087 398 1166 463 olim

147 505 256 571 Stulta
282 505 425 570 maritali
455 506 519 569 iam
548 505 689 590 porrigit
717 527 774 569 ora
802 505 956 589 capistro,
989 504 1091 582 Quem
1118 509 1167 570 to-

146 613 231 676 tiens
258 613 342 676 texit
370 613 508 696 perituri
535 612 617 676 cista
644 611 774 675 Latini?
821 611 995 676 scholiasta
1023 613 1091 696 ‘qui
1118 616 1167 677 to-

146 721 230 784 tiens
260 719 505 804 superueniente
534 718 653 783 marito
681 717 741 782 sub
770 717 851 782 cista
880 720 1003 782 celatus
1034 722 1096 804 est,
1128 722 1166 783 ut

147 849 182 889 m
204 826 326 890 m1mo.'

163 1037 165 1040 ’
278 1061 566 1122 nuoumouvn
588 1061 782 1122 umorum
809 1061 1030 1132 1111101111

219 1178 337 1246 Aliquot
361 1177 435 1232 inter
457 1178 594 1247 palliatae
617 1179 778 1248 fragmenta
800 1181 928 1247 receptos
951 1177 1105 1232 versiculos
1129 1177 1167 1232 ad

146 1249 264 1302 mimum
281 1249 377 1318 potius
395 1249 487 1304 videri
504 1249 646 1319 pertinere
666 1267 715 1304 suo
735 1249 798 1304 loco
817 1249 924 1303 monui.

648 1455 663 1512 I

214 1554 389 1620 Rhetorica
417 1556 458 1619 ad
484 1554 684 1619 Herennium
707 1553 723 1618 I
753 1555 808 1640 14,
831 1555 875 1619 24
903 1555 1051 1618 ‘mimus
1083 1555 1167 1638 qui-

149 1663 232 1726 dam
267 1663 495 1727 nominatim
532 1661 689 1726 Accium
726 1665 878 1746 poetam
914 1662 1166 1745 compellauit

147 1769 187 1832 in
210 1790 357 1833 scaena:
381 1791 455 1834 cum
479 1791 516 1833 eo
537 1768 656 1833 Accius
679 1769 871 1833 iniuriarum
895 1769 971 1856 agit.
1007 1768 1061 1832 hic
1083 1768 1168 1832 nihil

147 1876 237 1940 aliud
259 1876 402 1940 defendit
425 1876 488 1940 nisi
510 1876 607 1940 licere
630 1876 791 1940 nominari
815 1898 898 1960 eum,
922 1875 1012 1939 cuius
1035 1876 1166 1940 nomine

145 1983 267 2069 scripta
290 1984 407 2048 dentur
432 1983 576 2070 agenda?

220 2122 261 2177 Cf.
280 2122 306 2175 Π
330 2129 372 2193 13,
389 2129 422 2177 19
446 2122 489 2178 Ὃ.
510 2122 621 2178 Caelius
645 2123 730 2177 iudex
754 2122 879 2177 absoluit
901 2121 1070 2176 iniuriarum
1093 2139 1165 2190 eum,

146 2193 197 2261 qui
214 2191 354 2247 Lucilium
371 2197 486 2264 poetam
504 2193 534 2247 in
553 2211 656 2248 scaena
673 2193 842 2248 nominatim
860 2194 990 2261 laeserat,
1009 2194 1039 2248 P.
1054 2193 1166 2247 Mucius

146 2280 225 2332 eum,
262 2264 311 2332 qui
342 2265 372 2319 L.
400 2265 518 2318 Accium
552 2269 667 2334 poetam
698 2264 908 2334 nominauerat,
944 2264 1164 2319 condemnauit!

148 2335 258 2458 fficiam
281 2335 332 2460 {³319
350 2335 488 2390 Graecum
520 2337 679 2406 exemplum
706 2335 927 2391 controversiam
955 2335 1058 2390 statuit
1085 2337 1167 2390 Marx

146 2423 217 2475 pro.
236 2425 264 2476 p.
335 2451 340 2460 .

638 2541 670 2598 H

217 2639 328 2705 Cicero
348 2641 388 2705 ad
405 2641 479 2705 fam.
499 2639 546 2704 IX
572 2641 622 2726 16,
643 2641 661 2704 7
686 2642 783 2705 ‘nunc
806 2641 902 2706 uenio
927 2641 967 2705 ad
990 2640 1167 2704 iocationes

148 2752 234 2834 tuas,
263 2748 415 2832 quoniam
443 2752 480 2812 tu
508 2747 682 2812 secundum
707 2746 907 2812 Oenomaum
929 2745 1009 2812 Acci
1036 2769 1101 2811 non
1129 2749 1167 2810 ut

149 2855 228 2920 olim
246 2853 371 2918 solebat
389 2853 582 2940 Atellanam,
605 2855 661 2918 sed
683 2858 721 2918 ut
744 2877 830 2919 nuno
853 2856 892 2919 fit
911 2854 1048 2918 mimum
1066 2853 1167 2918 intro-

148 2961 279 3024 duxisti.
333 2981 428 3044 quem
460 2964 497 3024 tu
529 2961 611 3025 mihi
642 2962 838 3046 pompilum,
872 2982 967 3045 quem
1000 2961 1167 3024 denarium

148 3068 281 3132 narras?
314 3089 410 3150 quam
429 3067 621 3151 tyrotarichi
641 3068 808 3152 patinam?
840 3067 996 3131 facilitate
1015 3089 1086 3131 mea
1104 3067 1167 3130 ista

147 3173 335 3240 ferebantur
363 3177 470 3259 antea,
497 3196 583 3238 nunc
610 3178 736 3238 mutata
763 3196 815 3238 res
842 3178 903 3238 est:
931 3173 1078 3239 Hirtium
1106 3195 1166 3260 ego

148 3285 181 3346 et
204 3280 409 3345 Dolabellam
437 3281 562 3345 dicendi
591 3281 766 3365 discipulos
792 3280 911 3366 habeo,
939 3280 1074 3345 cenandi
1100 3301 1167 3344 ma-

148 3388 269 3474 gistros
298 3439 304 3452 .
329 3438 336 3451 .
360 3438 367 3452 .
392 3437 397 3451 .
427 3387 515 3472 quod
541 3387 569 3451 si
596 3409 782 3472 perseueras
810 3409 861 3452 me
889 3387 929 3450 ad
956 3387 1069 3451 matris
1092 3389 1166 3450 tuae

148 3515 260 3558 cenam
287 3515 451 3580 reuocare,
478 3494 581 3558 feram
608 3493 643 3557 id
666 3515 802 3578 quoque.
848 3494 924 3558 uolo
948 3494 1034 3558 enim
1056 3493 1166 3558 uidere

149 3600 307 3688 animum,
335 3602 392 3686 qui
419 3600 500 3666 mihi
528 3600 643 3664 audeat
671 3601 734 3665 ista
762 3623 842 3686 quae
870 3600 984 3666 scribis
1008 3601 1166 3686 adponere
1221 3639 1222 3643 =
