2696 3946
160 159 223 224 152
331 159 381 213 EX
399 157 565 214 INOERTIS
583 156 824 222 INCERTORVM
842 157 995 212 FABVLIS

592 326 730 386 LXXXII

105 467 155 516 102
168 447 314 513 Similem
336 447 458 512 hebent
475 446 580 512 lebias
602 446 760 511 lactucam
784 445 969 510 comedente
992 445 1082 511 esino
1106 447 1171 510 osir-

957 552 1045 618 duos.

229 675 416 744 Hieronymus
436 675 473 728 sd
492 674 684 729 Chremetium
700 673 744 728 17
766 674 930 729 ‘secundum
948 673 1028 744 illud,
1048 675 1087 728 de
1107 691 1173 742 quo

159 747 264 802 semel
282 746 317 800 in
337 746 411 801 uitu
429 745 585 800 Crassum
613 745 663 799 sit
689 744 812 800 risisse
839 745 1008 802 Lucilius:
1037 744 1169 800 similem'

157 816 696 959 nur-...turturini
711 815 901 942 sutis.
914 816 1173 942 enutriri

228 995 324 1050 lebino
341 995 405 1050 Rue
421 994 504 1048 lubre.
522 995 710 1066 Hieronymus
763 993 905 1049 lactucam
921 994 1003 1049 lubre
1020 1012 1041 1050 n
1091 993 1172 1048 asino

158 1067 277 1122 carduos
297 1065 460 1121 comedente
478 1066 674 1137 Hieronymus,
692 1083 761 1136 quae
779 1068 949 1136 transposuit
966 1084 987 1122 n

228 1209 268 1264 Vt
292 1208 325 1262 fr.
344 1207 457 1262 LXXIX
474 1207 577 1277 Varro,
600 1207 669 1261 item
692 1206 816 1262 Lucilius
834 1207 900 1262 vide
924 1225 961 1261 un
978 1195 1091 1277 praeter
1109 1223 1172 1262 ver·

158 1279 278 1334 siculum
296 1279 380 1334 modo
398 1279 540 1348 prolatum
559 1295 677 1333 sesenee
696 1278 801 1333 debent
819 1278 907 1333 etiem
924 1279 976 1334 hos
995 1279 1081 1335 duos:

193 1385 303 1441 Caede
322 1385 460 1456 ostium,
479 1385 627 1456 Gnatho,
645 1387 735 1456 urge.
772 1388 930 1442 restent?
948 1385 1121 1456 periimus.

157 1460 343 1597 ethathO'
362 1527 445 1596 quid
464 1531 577 1582 sotum
595 1531 667 1584 est?
685 1561 720 1569 -
738 1527 895 1598 Depilati
915 1529 1028 1582 omnes
1048 1545 1172 1582 sumus.

157 1634 270 1688 Laudat
295 1633 418 1704 priorem
444 1633 553 1688 Nonius
580 1639 747 1704 1127215
770 1635 942 1703 τ1111111111,
969 1635 1172 1705 frangere...

157 1704 313 1760 Lucillus
340 1704 390 1760 lib.
409 1705 550 1760 XXVIIII:
579 1706 676 1760 caede'
701 1721 725 1760 e.
744 1723 771 1774 q.
791 1723 812 1762 s.
832 1709 861 1760 et
884 1713 946 1776 417,
965 1712 998 1761 31
1021 1707 1171 1776 ‘urgere,

157 1775 295 1830 insistere.
332 1775 488 1830 Lucilius
507 1776 556 1832 lib.
575 1776 705 1833 XXVIII:
730 1777 827 1831 cuede’
848 1793 870 1832 e.
891 1796 917 1846 q.
938 1795 958 1832 s.
1050 1777 1172 1832 alterum

157 1847 233 1902 idem
260 1866 287 1917 p.
308 1853 351 1914 36,
371 1852 405 1902 25
435 1847 600 1918 ‘depilati
628 1847 732 1902 dicitur
758 1848 899 1904 rarefacti.
936 1848 1092 1902 Lucilius
1120 1847 1172 1902 lib.

157 1919 261 1975 XXIX:
279 1920 359 1974 neto’
380 1935 403 1974 e.
423 1935 449 1988 q.
470 1937 490 1974 s.
563 1919 651 1975 Veris
668 1919 805 1974 librorum
823 1920 962 1990 scripture
979 1921 1062 1976 hoec:

230 1996 244 2045 1
268 1989 413 2044 rcistnm
434 2008 461 2060 p.
481 1997 534 2046 272
641 1991 772 2045 Fortasse
795 1993 931 2046 restent
954 1994 983 2045 ct
1005 1990 1172 2060 periimus

157 2061 232 2116 inter
251 2061 321 2116 dues
339 2077 474 2131 personas
493 2061 702 2132 distribuende3
727 2061 797 2116 item
814 2080 840 2117 v.
861 2069 877 2118 2
901 2061 1018 2116 distinxi
1036 2077 1173 2132 personas

583 2264 738 2324 LXXXIII

158 2383 246 2461 Quae
269 2384 382 2469 potero
406 2389 552 2472 tongam:
575 2388 612 2448 tu
635 2384 716 2450 mihi
738 2385 826 2473 leges
849 2389 931 2450 tene.

228 2505 369 2576 Excerpte
386 2505 541 2560 Bemensis
558 2505 589 2558 in
606 2505 718 2576 Hegeni
737 2507 810 2562 unul.
830 2506 910 2560 Helv.
929 2525 955 2576 p.
976 2505 1117 2575 CCXXXL
1137 2511 1173 2559 14

157 2576 297 2717 1111111311ηέ
312 2577 471 2718 {centenus
497 2595 524 2646 p.
545 2580 585 2646 9):
616 2577 664 2631 ‘du
691 2577 741 2631 ubi
769 2577 925 2648 supposite’
956 2577 1106 2648 (liquescet
1133 2579 1181 2647 s):·

228 2754 320 2810 tumis
337 2755 470 2810 Iulianus
565 2754 661 2810 Conici
674 2757 763 2824 possit
780 2756 813 2809 tu
830 2755 901 2808 mihi
919 2755 996 2825 leges
1015 2755 1087 2810 bene
1105 2757 1173 2809 tene

203 2827 408 2884 Pontanetrnrn
425 2828 603 2897 prunnatiec
621 2827 709 2882 cisum
725 2843 778 2884 esse
793 2834 876 2896 putot
895 2827 957 2882 Bne

588 3029 740 3089 LXXXIV

689 3152 750 3195 use
772 3130 867 3216 mihi,
889 3133 993 3196 mete‘r
1015 3134 1099 3197 mee!

229 3252 369 3321 Excerpta
386 3252 468 3308 Bem.
488 3251 518 3306 in
536 3252 647 3322 Hegeni
666 3252 740 3308 unul.
759 3253 839 3308 Helv.
858 3271 885 3322 p.
904 3252 1062 3308 CCXXVIH
1081 3257 1110 3308 ct
1127 3254 1172 3308 Iu-

158 3323 250 3378 lianus
270 3323 423 3378 Toletsnus
445 3341 473 3393 p.
494 3329 544 3378 103
566 3325 620 3378 ‘ue
639 3327 683 3379 est
701 3323 862 3378 coniunctio
883 3367 933 3378 ...
953 3325 1174 3393 quando,fuerit

157 3393 381 3465 praepositiuum
395 3396 424 3449 ct
440 3412 504 3450 cum
523 3395 709 3450 commotione
729 3394 816 3449 enimi
835 3394 950 3464 dietum,
970 3398 1002 3449 ut
1019 3399 1098 3466 puts,
1118 3412 1172 3450 uec

157 3464 228 3520 mihi
247 3482 343 3533 mm,
362 3465 416 3521 erit
433 3465 635 3522 interiectio
656 3465 828 3522 dolentis’
855 3465 952 3521 Etiam
970 3483 1005 3521 ex
1022 3467 1173 3537 tragoedis.

159 3538 272 3607 sumptu
290 3551 350 3590 esse
368 3539 494 3605 possunt.
