2670 3948
478 209 665 265 CAECILIVS
684 209 835 265 STATIVS
1122 210 1164 274 69

144 369 250 440 virgini
273 387 504 451 eumquoquam
527 371 701 452 consuetudo
724 370 824 425 fuerat.
861 371 901 424 At
924 368 1000 424 enim
1018 386 1086 423 sane
1104 369 1163 423 ruri

145 441 804 582 &bigaigriiiiirsiiguiiirtgrilinioiirnpiiiseliiii)
821 440 912 593 {igtiie
921 440 1164 582 fipiiiuiegilixissirariis

147 585 212 638 dem
238 583 359 653 amplius
385 584 577 652 percontando
603 583 740 638 Parmeno
768 585 917 652 comperit:
936 583 962 638 V
980 583 1031 653 VI,
1056 583 1105 637 sed
1129 583 1164 636 de

146 657 274 724 auctore,
304 653 439 722 quoniam
465 653 496 707 in
523 653 648 709 tenebris
671 653 749 708 istud
772 671 842 723 opus
866 653 1025 708 confectum
1047 657 1104 724 est,
1127 671 1164 708 ne

146 726 260 796 puellae
279 725 394 794 quidem
411 725 422 778 i
443 725 467 778 si
486 727 606 780 constat.
638 725 699 779 Iam
716 741 782 779 vero
801 724 984 795 gravissimas
1003 725 1064 778 eius
1082 741 1164 794 puer-

146 796 257 869 perium
270 797 370 850 turbas
385 813 402 850 a
435 799 491 852 ert:
511 795 651 865 siquidem
664 795 779 866 nuptias
793 813 896 866 magno
911 799 1025 866 sumptu
1038 799 1163 866 paratas,

147 885 219 937 quas
239 867 345 922 differri
364 867 484 938 legimus
502 867 535 922 fr.
550 867 602 921 XII
616 868 688 935 XIII,
709 867 746 921 ad
763 867 888 936 puellam
903 870 1029 921 nostram
1043 867 1164 921 referen-

148 941 199 994 das
222 955 284 994 esse
307 941 383 993 reete
407 937 569 993 conicimus.
608 937 727 1008 Cognito
752 937 839 1006 enim,
863 938 942 992 ouius
966 955 995 992 se
1019 938 1111 1008 ipsum
1134 938 1165 991 in

146 1010 234 1065 noxia
253 1026 314 1064 esse
332 1009 435 1079 nescit,
461 1010 597 1064 dedecore
615 1027 673 1063 non
690 1008 785 1079 potuIt
804 1009 968 1064 adulescens
987 1025 1044 1063 non
1062 1026 1081 1063 a
1099 1025 1164 1063 oon·

147 1082 226 1152 iugio
245 1081 365 1136 vitiatae
385 1081 547 1136 abhorrere:
572 1081 670 1148 itaque
694 1079 814 1134 tollendi
832 1080 947 1149 nuptias
966 1097 1081 1134 oausam
1100 1097 1165 1149 oap-

147 1157 225 1234 tans,
248 1169 312 1234 eum
329 1169 426 1206 veram
444 1151 475 1205 in
492 1151 638 1221 publicum
660 1151 784 1221 proferre
802 1154 953 1220 vereretur,
976 1151 1097 1205 fortasse
1115 1168 1165 1205 au-

148 1221 1165 1376 aar‹usurpatoresaruasusaaast

148 1367 181 1420 fr.
199 1366 258 1434 XV,
278 1368 307 1420 et
325 1369 358 1419 ut
377 1365 464 1419 aluam
482 1365 626 1433 quandam
645 1367 796 1434 cognatam
815 1366 902 1418 dnoat
919 1365 978 1418 filio
997 1364 1165 1434 persuadere

149 1439 267 1491 conatur
281 1436 400 1506 Crobyle
419 1437 495 1506 apud
513 1436 700 1490 Menandrum
713 1435 777 1507 (ino.
788 1435 846 1490 fab.
857 1435 991 1490 OGXXIV
1001 1463 1035 1482 =
1045 1441 1096 1489 929
1107 1435 1164 1504 K.):

147 1509 283 1581 Κρωβύλη
306 1513 341 1579 τῇ
365 1509 448 1578 μητρὶ
472 1504 579 1562 πείθου
604 1509 653 1562 καὶ
692 1506 758 1576 άμει
775 1507 828 1576 τὴν
846 1515 973 1578 συγγενῆ.
1010 1507 1110 1575 Itaque
1129 1507 1165 1559 de

147 1580 224 1634 bona
244 1595 291 1648 spe
311 1577 414 1632 deiecti
433 1581 493 1632 tam
512 1577 625 1632 afflictis
644 1529 728 1632 reiius
748 1594 872 1648 congrua
887 1580 916 1632 et
929 1579 1066 1632 Parmeno
1079 1577 1164 1648 (vm)

149 1653 178 1705 et
196 1667 259 1705 erus
278 1650 336 1730 (IX)
356 1666 451 1704 seeum
473 1649 721 1719 philosophantur,
748 1651 835 1717 atque
857 1650 893 1703 de
916 1665 950 1702 eo
972 1665 1065 1703 rerum
1088 1651 1165 1702 statu

149 1720 314 1775 deverbium
322 1724 397 1775 mter
407 1723 556 1789 utrumque
566 1738 630 1774 oum
638 1719 683 1773 his
697 1719 832 1774 innuatur
841 1719 992 1790 (Menvffl
1001 1748 1035 1766 =
1045 1726 1097 1774 407
1108 1719 1164 1790 K.):

149 1788 238 1847 ὦΠα
256 1792 357 1862 μένων,
383 1793 435 1846 οὐκ
460 1791 534 1846 ἔστιν
557 1791 671 1862 ἀγαθὸν
694 1796 731 1864 τῷ
756 1789 807 1865 βίῳ
826 1789 972 1861 Φυόμενον
990 1790 1082 1860 ὥσπερ
1102 1788 1165 1846 δέν-

149 1866 219 1930 δρον
239 1813 270 1919 ir
289 1861 365 1934 ῥίζης
383 1872 457 1933 μιᾶς,
472 1861 539 1916 Ἀλλ’
560 1858 641 1933 ἐγγὺς
660 1861 774 1932 ἀγαθοῦ
792 1862 981 1932 παραπέφυκε
1000 1864 1049 1916 καὶ
1067 1861 1165 1930 κακόν,

144 1933 197 1990 'Ea
219 1943 271 1990 τοῦ
294 1942 384 1990 κακοῦ
407 1932 434 1988 τ’
455 1933 573 2004 ἤνεγκεν
597 1933 711 2014 ἀγαθὸν
729 1934 747 2002 ἡ
766 1933 850 2004 φύσις
875 1933 919 2004 (of.
939 1934 1012 1988 Men,
1032 1933 1070 1986 IX
1088 1933 1114 1986 X
1132 1960 1166 1979 =

148 2013 202 2060 410
221 2024 261 2076 sq.
281 2005 339 2074 K),
364 2005 464 2059 eodem
485 2003 673 2075 probabihter
695 2004 889 2059 revocabimus
915 2004 1076 2059 Caeciliana
1093 2004 1119 2057 X
1138 2007 1167 2058 et

149 2077 195 2131 XI.
225 2077 270 2131 Ab
289 2076 341 2130 ilIa
360 2077 455 2130 autem
473 2075 576 2130 mentis
596 2075 741 2144 aequitate
760 2079 897 2144 quantum
910 2078 1010 2146 postea
1025 2075 1167 2144 discrepat

148 2147 332 2202 Parmenonis
359 2147 418 2200 sive
445 2147 578 2202 advocati
604 2146 724 2201 alieuius
748 2147 913 2216 pauperiem
935 2146 1048 2216 publice
1072 2145 1166 2201 defen-

122 2218 241 2272 stdundi
268 2217 402 2300 studium·
412 2218 484 2274 XVI.
503 2218 593 2274 XVII!
632 2217 713 2283 Quod
740 2220 837 2300 tamen
865 2217 947 2272 ah'ter
972 2217 1092 2300 ercitari
1119 2217 1167 2272 vix

148 2293 264 2430 sert
282 2289 883 2442 usstass{trituratus
901 2289 1167 2442 stlattas

149 2432 626 2572 {asseruerimus
640 2433 820 2557 Statfflt
840 2432 1166 2558 attestatas

149 2577 193 2628 est
211 2574 305 2644 (XIX).

650 2707 665 2764 Ι

149 2825 182 2890 Is
205 2826 334 2890 demum
357 2825 455 2890 miser
478 2830 540 2910 est,
571 2825 627 2909 qui
650 2827 837 2890 ae‘rumnam
859 2848 950 2890 suam
972 2825 1095 2890 ne‘soiat
1118 2845 1167 2889 oo·

792 2932 913 2996 sultare

149 3039 256 3104 Foris:
286 3036 334 3102 ita
363 3059 414 3102 me
445 3059 527 3102 uxor
556 3038 662 3102 forma
691 3040 724 3102 e‘t
753 3037 848 3102 factis
870 3038 961 3124 facit,
984 3037 1015 3102 sr‘
1035 3041 1168 3123 taceam,

793 3148 902 3208 tamen
924 3143 1093 3230 indicium,

151 3250 249 3329 Quae
262 3249 327 3314 nisi
351 3249 459 3315 dotem
483 3250 592 3315 omnia
615 3253 697 3335 quae
724 3251 809 3315 nolis
836 3250 947 3315 habet:
980 3251 1039 3335 qur‘
1064 3251 1168 3335 sapiet

792 3358 830 3422 de
853 3359 905 3421 me
928 3356 1038 3443 discet,

151 3463 215 3542 Qui
245 3463 338 3548 quasi
368 3462 409 3527 ad
437 3462 542 3528 hostis
571 3465 685 3548 eaptus
716 3464 799 3529 liber
828 3464 934 3528 se'ruio
965 3465 1057 3529 salua
1086 3464 1167 3528 rirbe
1214 3513 1218 3521 1

792 3574 888 3655 atque
912 3593 993 3637 aree.
1167 3587 1218 3635 146
