2674 3950
326 1081 612 1168 DECIMVS
653 1081 980 1170 LABERIVS
1013 1177 1015 1182 ,

513 1273 791 1334 ALEXANDREA

144 1391 230 1470 Quid
249 1396 297 1457 est
315 1392 366 1456 ius
384 1392 578 1458 iurandum?
600 1395 811 1478 emplastrum
829 1395 912 1460 noris
931 1394 1028 1460 tlieni
1045 1447 1159 1462 .....

215 1511 323 1567 Gellius
345 1513 412 1568 XVI
436 1519 514 1581 1,14
541 1514 603 1568 ‘sed
630 1513 706 1568 enim
732 1515 763 1568 in
790 1515 889 1585 mimo,
917 1531 1001 1584 quom
1029 1516 1156 1587 scripsit’

142 1583 299 1655 (Laberius)
329 1584 558 1654 ‘Alexandream
596 1586 695 1639 eodem
726 1585 841 1654 quidem
874 1604 929 1656 quo
958 1585 1007 1640 nul
1047 1606 1073 1657 s,
1110 1589 1160 1642 secl

141 1655 229 1725 probe
261 1655 418 1724 Latineque
450 1673 517 1710 usus
545 1658 588 1710 cst
616 1656 722 1712 Graeco
750 1657 902 1714 uocabulo:
936 1674 1007 1728 emp
1029 1662 1160 1714 astrum

143 1726 218 1780 enim
242 1725 314 1781 dixit
340 1725 509 1796 οὐθετέρως,
536 1743 593 1781 non
616 1744 717 1797 genere
742 1728 891 1799 feminino,
919 1732 952 1783 ut
977 1729 1027 1784 isti
1051 1730 1157 1785 nouicii

142 1797 297 1853 semidocti.
334 1798 429 1854 Verba
447 1814 482 1853 ex
500 1814 533 1853 eo
551 1797 638 1853 mimo
658 1798 788 1868 adposui:
813 1799 882 1868 quid
900 1801 958 1855 cst’
980 1817 1003 1856 e.
1019 1818 1044 1870 q.
1061 1819 1082 1856 s.

213 1905 351 1962 Baccheos
366 1907 504 1962 dimensas
520 1913 580 1962 crat
595 1907 628 1960 ia
642 1905 684 1960 M.
696 1907 806 1962 Hcitzii
823 1909 940 1964 editione
955 1907 1157 1977 Fleckeiscaac,

141 1977 246 2032 iambos
264 1978 296 2032 io
314 1979 390 2058 epist.
405 1979 465 2034 crit.
480 1994 510 2047 p.
525 1982 560 2032 40
578 1979 667 2034 hosce:
691 1977 760 2046 quid
781 1981 825 2032 est
847 1979 892 2034 its
909 1978 1078 2035 iurandum?
1102 1996 1158 2034 em-

140 2046 279 2117 plastrum
298 2047 385 2104 aheni
403 2050 476 2104 aeris
497 2091 524 2104 ..
541 2051 693 2118 proposcit.
728 2049 790 2120 qu
808 2051 875 2106 oiim
892 2052 1004 2107 monci
1022 2053 1159 2107 octonarii

140 2119 262 2245 immin
279 2136 488 2190 propomam,
511 2126 569 2176 tum
586 2121 724 2176 trochaeos
738 2122 863 2190 praetuli
934 2120 1003 2190 qnid
1022 2123 1077 2194 est]
1096 2121 1159 2190 qui-

161 2205 206 2244 em
252 2207 301 2245 occ.

256 2393 258 2401 Α
483 2340 599 2400 ΑΝΝΑ
621 2340 817 2400 PERANNA

213 2455 252 2510 cf.
273 2455 369 2511 Ovidii
386 2456 462 2511 Fast.
477 2456 517 2509 III
536 2462 587 2510 676
603 2474 663 2524 sqq.

187 2723 374 2790 06nlabella
397 2725 552 2790 osculum.
638 2643 655 2701 I

210 2845 318 2900 Nonius
338 2851 380 2915 90,
400 2852 433 2900 21
460 2846 679 2901 ‘conlabclla
718 2846 854 2902 Laberius
879 2845 1058 2902 annalium
1080 2863 1156 2916 per-

139 2934 242 2974 anna:
262 2934 285 2972 c.
300 2918 336 2974 o.’
358 2917 465 2987 (Anna
482 2918 638 2974 Perenna
656 2917 767 2990 Jnnius)

210 3024 329 3081 &reticos
346 3025 460 3096 oyoaovit
477 3024 597 3080 Bottioc

630 3193 662 3250 Π

138 3293 311 3382 gubernus
356 3291 481 3376 planus.
527 3313 638 3357 nanus.

210 3413 317 3468 Gellius
330 3413 395 3468 XVI
410 3419 424 3468 7
428 3457 435 3483 ,
446 3418 480 3467 10
496 3413 642 3467 ‘Laberius
662 3458 667 3468 .
680 3459 685 3469 .
698 3457 702 3468 .
722 3417 872 3484 praeterea
885 3413 916 3468 in
929 3415 1014 3470 Anna
1026 3414 1156 3470 Peranna

138 3484 337 3555 gubernum’
354 3483 405 3555 (sic
426 3483 533 3539 correxi
552 3484 646 3540 coroll.
661 3485 800 3539 LXXXVI
819 3485 1023 3556 gubernium
1042 3488 1075 3557 ω)
1094 3486 1154 3556 ‘pro

138 3555 326 3626 gubernatore
341 3559 371 3610 et
388 3555 528 3626 planum
546 3572 597 3626 pro
613 3557 788 3626 sycophanta
807 3561 837 3610 et
854 3574 976 3612 nanum
994 3574 1045 3628 pro
1064 3555 1156 3628 pumi-

940 3647 993 3700 22*
