2696 3946
169 176 233 241 100
498 172 636 228 SEXTVS
654 171 845 227 TVRPILIVS

657 341 690 399 II

96 503 98 510 .
166 495 200 511 ..
224 447 451 509 tastamentum
475 443 552 528 crgo
575 441 716 506 celabis?
740 479 782 488 —
805 441 901 529 Lagi!

238 563 405 632 Nouianae,
421 568 454 618 19
475 563 563 633 ‘logi
582 580 599 617 a
618 562 724 618 Graeco
745 578 879 632 sermone,
898 561 945 616 uel
964 561 1041 616 dicta
1059 560 1180 616 ridicula

167 639 197 692 et
215 635 420 691 contemnenda
440 677 489 690 ...
509 633 651 704 Turpilius
671 633 821 690 Ganefcro:
844 633 1057 688 testamentum’
1078 649 1100 687 e.
1116 650 1142 701 q.
1158 650 1180 688 s.

168 851 254 918 Satis
276 851 374 916 fructi
397 849 544 914 reddunt.
651 766 698 824 ΙΠ
720 829 722 835 ⁴

238 972 347 1027 Nonius
365 977 427 1039 491,
447 977 463 1025 6
484 969 605 1024 ‘fructi
623 969 670 1024 uel
689 969 807 1024 fructuis
825 987 876 1040 pro
895 969 1022 1025 fructus!

654 1102 699 1161 IV

168 1256 176 1272 .
199 1256 207 1271 .
231 1257 237 1270 .
262 1205 348 1270 nosti
371 1205 468 1289 quam
491 1204 535 1268 sit
556 1203 670 1290 gracili
694 1204 834 1288 cdrpore.

240 1325 469 1395 Nonius116‚9
495 1323 680 1394 ‘gracilitudc
709 1327 739 1378 at
765 1322 904 1394 gracilens
932 1341 983 1394 pro
1011 1325 1126 1395 gracilis
1153 1330 1182 1382 et

168 1397 357 1468 gracilentum
383 1413 434 1466 pro
462 1395 562 1476 gracili
590 1398 619 1450 et
645 1394 794 1466 gracilium
819 1412 871 1476 pro
898 1395 1066 1465 gracilitas!
1082 1467 1087 1478 ι
1104 1400 1182 1478 ,(ριο

169 1467 296 1538 gracili
325 1470 360 1521 et
386 1466 571 1536 gracilium
599 1483 652 1521 om.
671 1466 770 1520 Bamb.
790 1465 974 1520 Senbendum
1001 1467 1182 1537 ‘gracrhtudc

170 1537 402 1663 ‘'iffifflfllllll
423 1536 865 1664 ⁸¹³⁰i¹⁰¹¹0⁵niluil²⁰i¹⁹¹¹illrll
882 1537 1021 1663 gr”llll
1045 1556 1183 1665 prielil'

170 1609 308 1760 dlssdcdius{
329 1652 428 1760 (inimo¹
445 1625 598 1749 deduius,
617 1651 741 1734 utvidit
759 1652 909 1749 Osannusl
920 1627 1183 1761 frrotefflgdamia

171 1795 223 1877 ,nde
223 1750 505 1890 1ἑρριιθοιΙΞιιιὲοοΙοιέιιι
529 1795 535 1806 .
560 1795 566 1805 .
589 1749 730 1820 gracilens
757 1750 796 1804 fit.
861 1750 1005 1820 Turprhus
1026 1751 1183 1809 'Cancforoz

241 1909 342 1981 gracili
365 1909 536 1966 EH'PW
554 1909 660 1981 gracile
679 1910 724 1964 H¹
743 1908 845 1965 cracile
864 1910 924 1964 Fr]
947 1889 1051 1966 cracilo
1072 1912 1185 1983 Quiete·

170 1989 264 2051 ratae,
280 1984 344 2050 fort.
363 1988 432 2038 recte
504 1998 604 2051 corpus
622 1981 670 2036 L?

562 2113 795 2172 DEMETRIVS

243 2228 288 2282 Fr.
302 2229 328 2282 V
342 2228 468 2298 Scaliger
486 2228 562 2284 Ocni.
577 2228 608 2283 in
622 2229 700 2284 Varr.
718 2247 745 2298 p.
757 2235 808 2284 159
826 2228 936 2282 monuit
954 2229 1103 2286 convenire
1122 2249 1183 2286 cum

173 2299 299 2354 Alexidis
328 2315 362 2352 ex
385 2297 534 2370 Δηρνητρίοο
562 2297 579 2369 ἢ
609 2301 761 2374 Φιλεταίρῳ
787 2300 821 2354 fr.
840 2305 875 2353 46
893 2299 942 2356 K:
970 2299 1108 2371 πρότερον
1135 2302 1185 2374 μὲν

175 2371 201 2425 εἰ
227 2369 356 2425 πνεύσειε
385 2373 487 2443 βορρᾶς
510 2355 527 2440 ἢ
550 2368 631 2435 νότος
651 2369 701 2426 Ἐν
725 2391 741 2426 τ
781 2369 911 2443 θαλάσσῃ
938 2371 1076 2442 λαμπρός,
1104 2373 1188 2445 ἰχθῦς

174 2442 227 2496 οὐν
245 2439 282 2495 ἂν
300 2435 336 2510 ἦν
358 2443 462 2496 Οὐδενὶ
486 2451 599 2567 gassie.
636 2443 701 2498 νυνὶ
723 2392 759 2496 dd
773 2442 843 2512 πρὸς
860 2451 919 2504 τοῖς
936 2443 1094 2514 πνεύμασιν
1115 2445 1186 2500 Τούέ

175 2532 235 2576 τοις
255 2509 379 2576 Φάυλλος
396 2529 484 2583 ccccv
500 2531 565 2582 νονε
583 2515 686 2584 χειμὼν
704 2511 795 2582 τρίτος
813 2533 838 2568 ιι.
852 2532 875 2567 τ.
891 2516 914 2567 λ.
946 2514 1096 2569 Praeterea
1114 2515 1187 2570 an

176 2582 316 2637 similibus
334 2583 457 2652 praefari
475 2582 588 2638 videtur
601 2583 752 2654 Turpilius,
772 2583 869 2654 qualia
887 2585 964 2653 apud
977 2585 1124 2641 Alexidem
1141 2604 1186 2642 cx-

117 2699 118 2704 ,
174 2656 239 2709 tant
260 2653 293 2709 fr.
312 2660 360 2711 45:
383 2651 546 2724 ὁμοιότατος
564 2653 717 2724 ἄνθρωπος
736 2655 803 2729 οἴνῳ
821 2655 873 2724 τὴν
891 2655 977 2724 φύσιν
998 2655 1111 2725 Τρόνιον
1128 2655 1184 2713 τίν’

176 2721 234 2780 ἐστί
247 2746 271 2781 ν.
282 2745 304 2778 τ.
316 2730 348 2794 t,
367 2724 469 2794 quibus
484 2725 685 2780 contradicitur
698 2725 733 2780 fr.
743 2726 797 2782 inc.
808 2726 859 2780 XV
869 2728 954 2796 (278):
973 2725 1058 2782 οὐδέν
1074 2725 1101 2797 γ’
1115 2727 1185 2783 ἔοικ’

176 2795 331 2864 ἄνθρωπος
354 2795 421 2870 οἴνῳ
442 2796 495 2864 τὴν
515 2795 602 2866 φύσιν
620 2818 645 2852 ιι.
663 2817 686 2851 τ.
707 2801 729 2852 2.
767 2797 896 2852 Ceterum
915 2798 950 2852 de
970 2801 1134 2869 argumento
1154 2815 1188 2853 ex

177 2867 284 2922 Graeco
302 2869 389 2936 poeta
405 2866 478 2921 nihil
497 2883 577 2936 sanc,
599 2867 810 2936 aliquantillum
829 2869 930 2922 saltem
949 2885 983 2922 ex
1001 2872 1097 2924 nostro
1116 2869 1188 2924 disci

176 2940 279 3008 potest.
316 2937 397 2993 Certe
420 2940 533 2992 constat
551 2938 586 2993 dc
605 2939 784 2994 adulescente
807 2938 929 3009 inperito
948 2943 978 2995 et
995 2940 1080 3011 paulo
1100 2941 1188 3012 stupi-

177 3008 256 3063 diora
275 3009 317 3078 (ll.
336 3009 398 3078 IX),
417 3009 548 3078 quicum
565 3010 660 3064 nescio
679 3011 782 3078 quibus
800 3009 892 3065 turbis
910 3010 1018 3065 invitus
1037 3012 1073 3066 ab
1093 3016 1188 3068 amata

178 3079 356 3134 abalienatus
375 3082 450 3135 esset
467 3080 539 3151 (W),
562 3080 593 3134 in
615 3081 738 3151 gratiam
756 3100 819 3136 curn
838 3098 872 3136 ea
890 3082 971 3137 redit.
1008 3083 1068 3137 Nec
1087 3083 1196 3139 desunt

178 3153 229 3204 aut
247 3150 282 3204 de
300 3153 380 3220 patre
400 3152 517 3221 decepto
536 3152 620 3222 (XVl)
639 3155 689 3207 aut
708 3153 743 3207 de
758 3153 904 3208 meretrice
917 3154 1003 3224 (XIV)
1016 3153 1189 3211 testimonia.

177 3221 222 3275 Ab
246 3237 280 3274 ea
303 3224 397 3276 autem
420 3221 531 3276 diversa
553 3222 673 3277 fortasse
696 3223 765 3294 fingi
786 3227 882 3294 potest
903 3223 966 3295 ipsa
985 3224 1065 3294 virgo
1085 3229 1188 3296 amata,

178 3292 216 3346 ad
235 3309 319 3360 quam
336 3291 476 3362 pertinere
494 3293 653 3363 putaverim
671 3295 710 3350 Xl
729 3297 758 3350 et
775 3295 848 3350 XIII.

674 3427 690 3486 I

178 3523 231 3590 Ab
254 3523 348 3589 initio
371 3531 409 3591 ut
431 3550 482 3606 rcs
504 3526 548 3593 sit
569 3532 661 3615 genta
684 3529 785 3595 enoda
807 3529 897 3596 mihi.
994 3583 996 3589 .
