2696 3946
472 207 660 265 CAECENS
677 207 830 264 screws
1117 209 1158 272 79

140 368 310 424 Simbolo:
329 368 438 424 audire'
454 385 516 438 aq.
528 387 548 424 s.
568 369 739 439 (Symbolo
753 369 894 424 Mereerus
911 370 1073 424 sembono
1092 369 1161 424 (1ΗῙ

138 440 191 494 LP
210 457 244 494 ex
262 440 438 494 soembolo
458 444 551 495 ortum
570 441 711 494 embono
731 440 817 494 ceteri
836 440 913 512 libri)

214 563 299 614 quom
317 549 416 618 compsi
434 548 511 616 quod
529 569 551 602 1
570 564 643 618 quac
661 549 782 602 Bothice

311 727 323 763 l
500 713 803 775 SYNARISTOSAE

213 830 257 884 Ex
274 829 425 886 Menandri
443 831 629 902 Synaristosis
648 831 719 886 haec
747 831 796 899 (IV
815 859 848 878 =
868 837 920 885 449
939 829 997 901 K.):
1021 829 1110 901 Ἔρως
1128 831 1160 886 di

140 910 198 958 τῶν
224 907 304 957 θεῶν
328 901 420 972 Ἰσχὺν
448 902 520 972 ἔχων
546 905 678 972 πλείστην
707 902 750 958 snt
779 903 881 958 τούτου
908 899 1067 957 δείκνυται·
1104 902 1161 956 Διὰ

141 981 245 1028 τοῦτον
273 973 435 1042 ἐπιορκοῦσι
461 975 527 1036 τοὺς
555 973 654 1037 ἄλλους
681 973 770 1038 θεούς
798 971 895 1029 affinia
922 972 1013 1028 videri
1041 976 1161 1043 possunt

142 1044 248 1100 amoris
265 1043 400 1100 laudibus
419 1061 492 1114 quae
511 1047 577 1099 sunt
596 1045 673 1116 apud
690 1047 818 1100 nostrum
836 1043 890 1100 inc.
910 1043 967 1100 fab.
986 1043 1046 1099 XV.
1093 1047 1095 1051 '

142 1171 224 1236 Heri
246 1173 325 1238 uero
348 1172 552 1258 prospexisse
576 1193 650 1236 eum
673 1194 707 1238 se
730 1193 770 1236 ex
793 1171 926 1258 te'gulis:

142 1277 233 1343 Haec
254 1279 419 1343 ndntiasse
443 1283 477 1343 et
498 1280 683 1343 flammeum
707 1283 876 1363 expassum
900 1278 987 1342 domi

216 1399 325 1455 Gellius
343 1399 403 1468 XV,
424 1405 457 1454 15
483 1400 535 1454 ‘ab
559 1416 593 1454 eo
617 1399 693 1468 quod
717 1403 760 1454 est
782 1400 890 1470 pendo,
913 1415 1029 1469 passum
1051 1401 1161 1454 ueteres

5 1465 6 1544 l
98 1493 100 1496 ·
144 1471 290 1539 (11111111,
315 1488 374 1525 non
390 1487 524 1540 pansum,
548 1474 578 1526 et
596 1489 659 1525 oum
678 1487 717 1526 ex
734 1471 944 1540 praepositione
968 1487 1160 1540 aspasium,

5 1547 6 1550 ’
143 1561 201 1596 non
220 1559 382 1612 expansum.
420 1541 559 1598 Caecilius
577 1541 608 1596 in
631 1541 832 1612 Synaristosisz
854 1542 930 1598 heri’
956 1557 979 1596 e.
999 1559 1025 1610 q.
1046 1559 1067 1596 s.
1104 1541 1162 1596 No-

143 1613 209 1668 nius
224 1620 285 1683 370,
296 1620 329 1668 14
351 1614 503 1682 ‘passum
521 1613 686 1683 dispersum,
705 1613 850 1668 solutum.
867 1612 1049 1668 ..Caecilius
1069 1611 1162 1666 sine·

144 1684 823 1755 11110111(1111111011111111,Η111.)111111
844 1701 867 1740 e.
887 1703 913 1754 q.
935 1701 955 1738 s.
1033 1687 1037 1697 '

218 1797 232 1844 1
252 1790 313 1846 heri
332 1793 509 1862 pyrrichium
531 1809 648 1861 aequore
670 1793 865 1846 demonstrauit
883 1791 1052 1846 Rttsehelics
1070 1807 1161 1860 opusc.

6 1871 7 1874 ’
144 1862 184 1918 Η
199 1867 251 1916 265
332 1878 396 1916 eum
417 1879 446 1916 se
464 1865 568 1918 conieci
586 1863 661 1931 (item
678 1863 824 1934 Berytias)
844 1863 878 1930 cf.
898 1880 921 1916 v.
942 1867 976 1915 29
1060 1878 1160 1916 se...

144 1933 305 1989 flammeum
323 1950 373 1988 orn.
424 1935 504 1988 caios
522 1933 590 2060 (pisi
607 1935 679 2004 pcod
697 1949 726 1986 se
745 1949 810 1988 eum
828 1933 907 1990 hebet
925 1933 1004 2002 Por.)
1055 1937 1071 1986 2
1090 1931 1162 1986 haec

145 2023 180 2060 m.
196 2023 241 2076 pr.
260 2019 320 2074 sup.
340 2005 434 2060 Petov.
453 2003 505 2058 hec
553 2021 603 2060 ose.
684 2003 885 2072 nuntiassetp
968 2007 997 2057 et
1015 2001 1162 2057 nuntiasse

144 2077 296 2148 Berpetus:
315 2094 354 2132 aa
372 2074 551 2130 ecnuntiasee
570 2077 617 2130 et?
710 2073 759 2130 diu
777 2077 806 2146 (i.
825 2093 846 2131 e.
867 2073 984 2144 domini)
1004 2074 1071 2130 Par.
1088 2073 1161 2130 Voss.

540 2241 769 2302 SYNEPHEBI

5 2383 7 2470 Ι
218 2356 383 2432 Συνέφηβοι
404 2358 554 2412 Menandri
577 2361 650 2413 testo
674 2359 807 2414 Cicerone
831 2359 866 2412 de
889 2359 968 2413 fini
991 2365 1052 2440 224
1077 2357 1163 2412 etde

146 2432 204 2499 opt.
223 2446 287 2500 gen.
307 2446 345 2484 or.
364 2436 406 2484 18.
427 2429 647 2499 ‘Synephebum’
668 2433 794 2484 saturam
811 2431 901 2484 Varro
920 2433 953 2484 ut
971 2429 1099 2484 Ph1lemo
1119 2446 1163 2484 co-

144 2501 288 2556 moediam
305 2500 481 2570 inscripsisse
499 2500 619 2556 videtur.

644 2615 660 2674 I

145 2715 185 2782 lu
209 2717 318 2782 amore
340 2739 439 2782 suauc
462 2721 512 2782 est
533 2721 659 2782 stimmo
683 2739 872 2801 summeque
894 2715 1007 2802 inopia

145 2823 318 2890 Pere'ntem
340 2823 459 2890 habere
482 2825 615 2888 andrum
638 2824 829 2910 inlepidum,
852 2825 886 2888 11
909 2823 1030 2888 liberos
1165 2841 1217 2891 200

146 2927 338 3016 Difficilem,
360 2931 416 3014 qui
439 2934 472 2996 te
493 2932 553 2996 nic
577 2934 663 3004 amet
684 2951 744 2996 nec
766 2929 895 3008 studeat
917 2930 990 3008 tui..

147 3035 216 3100 Aut
238 3040 275 3100 tu
298 3035 392 3102 illum
415 3037 503 3102 furto
526 3037 620 3102 fallas
643 3041 700 3102 aut
722 3058 779 3124 per
801 3037 927 3102 litteras

6 3185 17 3223 ‚
146 3139 287 3208 Andrias
310 3143 443 3228 aliquod
463 3143 582 3208 no'men
605 3147 661 3208 aut
682 3166 740 3228 per
763 3144 926 3208 seruolum

5 3228 12 3242 ’
120 3207 313 3314 5Ρθ11111111
335 3249 504 3336 pauidum,
526 3252 690 3334 pdstreino
714 3273 733 3314 a
755 3251 852 3336 parco
875 3252 967 3334 petre

147 3355 243 3434 Quod
264 3361 373 3422 sdmas
395 3361 517 3442 quanto
540 3356 675 3442 dissipes
697 3357 865 3422 libentius!
1166 3373 1217 3421 205

561 3463 580 3504 ³8
733 3463 752 3504 ³1⁸

647 3508 666 3550 *

148 3569 251 3648 Quem
274 3572 379 3656 nsque
403 3593 467 3656 quo
490 3574 585 3656 pacto
608 3570 718 3634 foliam
741 3592 801 3635 nec
822 3569 993 3654 quidinde
1013 3571 1165 3652 adferam,
1236 3549 1239 3555 ¹
