2674 3950
181 195 249 258 380
349 195 618 252 ANONYMORVM
636 197 816 262 MIMORVM
833 195 1031 261 RELIQVIAE

655 385 727 444 XIV

253 482 363 549 Cicero
384 485 422 548 de
441 489 519 550 orat.
535 484 568 549 Π
586 486 638 569 61,
653 485 716 549 251
734 485 843 570 ‘atque
860 485 923 549 hoc
942 484 1040 548 etiam
1059 483 1207 547 animad-

183 591 375 655 uertendum
399 597 460 676 est,
492 615 558 656 non
581 615 649 657 esse
673 593 782 658 omnia
804 593 941 656 ridicula
964 591 1076 656 faceta.
1123 589 1207 674 quid
1309 647 1310 650 ,

184 697 270 760 enim
299 701 409 782 potest
436 720 504 762 esse
534 703 601 763 tarn
630 699 804 764 ridiculum
835 723 932 784 quam
964 697 1098 763 sannio
1131 696 1207 761 est?
1309 721 1310 768 1

184 825 253 889 011,
276 805 384 889 uultu,
410 805 576 869 imitandis
599 805 757 892 moribus,
785 828 879 891 uoce,
907 805 1044 890 denique
1067 825 1207 888 corpore

184 911 309 974 ridetur
336 912 416 996 ipso.
463 912 583 976 salsum
616 912 703 977 hunc
729 936 862 997 possum
891 912 996 976 dicere
1024 915 1121 995 atque
1147 911 1207 996 ita,
1309 939 1310 956 ¹

184 1039 251 1082 non
268 1023 306 1082 ut
325 1019 393 1082 eius
412 1019 499 1083 modi
518 1023 680 1084 oratorem
699 1042 767 1084 esse
785 1020 894 1104 uelim,
917 1019 973 1084 sed
991 1022 1028 1082 ut
1046 1016 1206 1082 mimum.'

186 1123 378 1211 (imitandis
397 1126 553 1191 moribus'
573 1128 646 1192 incl.
661 1123 862 1212 Hameclrer)
905 1123 1003 1190 1111
1027 1128 1059 1189 et
1076 1124 1207 1191 Nonius

186 1255 218 1315 p.
233 1231 273 1294 61
299 1255 328 1296 v.
352 1233 532 1298 sanniones,
570 1233 726 1298 Zielinski
750 1231 1043 1318 quaestiones

668 1453 724 1512 XV

253 1552 381 1618 Nonius
418 1553 452 1638 6,
482 1553 525 1618 25
569 1554 724 1618 ε11111111
767 1553 889 1633 dictum
931 1557 979 1617 est
1021 1553 1207 1638 frustratur,
1309 1579 1310 1582 ¹

187 1663 327 1724 tractum
360 1682 378 1723 1
410 1661 533 1724 saluis
565 1661 743 1747 mimicis,
781 1659 883 1744 quod
917 1660 995 1723 sint
1028 1660 1206 1750 omnibus
1309 1667 1310 1736 l

187 1766 418 1830 frustratui.'
1309 1755 1310 1772 ¹

659 1895 731 1954 ΧΠ

255 1997 412 2062 Horatius
436 1997 528 2081 epist.
550 1995 567 2060 I
593 1997 643 2081 18,
664 1996 706 2060 10
734 1997 829 2060 ‘alter
856 1997 890 2060 in
913 1997 1105 2081 obsequium
1132 1998 1207 2082 plus
1282 1999 1310 2074 ’1

189 2126 291 2188 aequo
318 2125 441 2188 pronus
469 2106 501 2166 et
529 2103 587 2166 imi
611 2103 746 2168 Derisor
772 2105 849 2168 lecti
877 2103 923 2168 sic
950 2108 1066 2168 nutum
1094 2105 1208 2169 diuitis
1309 2097 1310 2104 ¹

188 2209 313 2295 horret,
343 2207 396 2273 Sic
423 2209 521 2273 iterat
547 2231 643 2274 uoces
672 2213 704 2273 et
731 2209 832 2274 uerba
860 2209 1007 2274 cadentia
1034 2211 1135 2296 101111,
1161 2211 1208 2276 Vt

189 2339 325 2401 puerum
358 2337 454 2380 saeuo
488 2317 598 2380 credas
631 2317 751 2380 dictata
786 2317 945 2402 magistro
977 2315 1123 2382 Reddere
1155 2319 1209 2381 uel

188 2423 291 2508 partis
314 2423 450 2487 mimum
473 2426 610 2486 tractare
635 2422 809 2488 secundas?
849 2421 895 2488 Cf.
915 2421 1019 2488 XVII.

654 2641 742 2700 XVII

138 2770 172 2818 10
192 2793 324 2807 .....
348 2743 437 2807 sa'lua
460 2765 524 2807 res:
548 2745 656 2808 cantat
679 2765 784 2810 senex.

263 2863 363 2917 Festus
386 2881 412 2932 p.
429 2871 480 2918 326
502 2865 539 2918 M.
565 2866 675 2919 ‘salua
698 2883 751 2919 res
776 2908 970 2920 ........
995 2881 1097 2918 senex
1120 2881 1207 2934 quare

191 2934 312 3004 parasiti
326 2935 473 3004 Apollonis
492 2935 522 2988 in
541 2953 643 2990 scaena
662 2935 802 3004 dictitent,
823 2953 937 2990 oausam
951 2935 1065 2990 Verrius
1083 2935 1114 2988 in
1132 2935 1151 2990 l.
1164 2937 1205 3006 V„

192 3006 1207 3148 111111111111111111111111·11111111111111

194 3167 272 3204 arma
296 3147 416 3202 exierint
437 3149 569 3203 nuntiato
589 3150 713 3204 aduentu
736 3149 862 3204 hostium
879 3149 1057 3217 uictoresque
1079 3149 1110 3202 in
1128 3149 1206 3203 thea-

193 3224 268 3274 trum
286 3219 423 3274 redierint
441 3220 571 3289 solliciti,
593 3238 629 3275 11
647 3221 801 3276 intermissi
821 3220 988 3290 religionem
1006 3220 1148 3274 adferrent
1165 3220 1206 3274 in-

194 3291 397 3358 staurandique
416 3295 521 3346 essent:
544 3291 691 3346 inuentum
710 3309 770 3346 esse
788 3292 830 3346 ibi
850 3292 877 3347 O.
897 3291 1082 3362 Pomponium
1100 3291 1206 3345 liberti-
1309 3325 1310 3340 1

192 3381 260 3418 num
282 3361 400 3416 mimum
420 3380 523 3432 magno
542 3366 625 3432 natu,
649 3363 698 3432 qui
722 3364 759 3418 ad
781 3363 929 3417 tibicinem
948 3363 1073 3418 saltaret.
1111 3362 1205 3431 itaque

193 3433 298 3504 gaudio
319 3449 376 3486 non
399 3433 574 3503 interruptae
597 3433 742 3505 religionis
762 3434 868 3489 editam
887 3451 986 3489 uocem
1003 3451 1078 3489 nunc
1097 3450 1204 3502 quoque

194 3503 338 3559 celebrari.
371 3507 402 3558 at
420 3505 450 3558 in
469 3505 522 3559 hoc
540 3505 613 3560 libro
632 3507 718 3560 refert
732 3506 812 3561 Sinni
826 3505 971 3576 Capitonis
989 3506 1085 3575 uerba,
1105 3505 1203 3574 quibus

194 3593 242 3632 eos
265 3575 347 3628 ludos
371 3576 549 3644 Apollinares
574 3577 691 3632 Claudio
715 3581 744 3631 et
766 3578 866 3632 Fuluio
890 3595 945 3633 cos.
967 3577 1058 3632 factos
1082 3575 1152 3630 dicit
1174 3593 1205 3630 ex
