2696 3946
490 209 628 266 SEXTVS
646 209 838 266 TVRPILIVS
1109 207 1174 273 129

634 379 693 438 VII

155 469 237 558 ‘Age
271 491 330 557 ege
364 470 527 558 egredere,
564 475 666 556 atque·
697 470 783 537 istue
818 472 944 536 utinam
976 471 1172 556 perpetuum

743 579 841 644 itiner
864 577 907 643 sit
930 577 1005 643 tibi!

228 679 338 734 Nonius
357 686 418 750 482,
438 687 473 734 29
494 680 617 736 ‘itiner
635 682 743 737 dietum
760 699 811 752 pro
830 682 885 736 iter
904 726 909 736 .
926 725 931 736 .
948 724 954 736 .
971 681 988 735 .'
1026 683 1174 752 (transe-

156 751 302 806 leoonea
320 751 362 806 Ba
380 751 600 808 traseoleone
619 753 665 824 11¹)

228 839 303 894 istue
326 839 436 894 utinam
459 840 579 898 Bottiaei
601 841 712 896 utinam
734 841 808 896 istuc
831 861 866 910 ω,
890 842 963 912 quod
984 841 1050 896 olim
1067 848 1099 896 ut
1116 857 1172 896 eer-

137 929 247 980 ,eorem
261 913 373 966 initiam
387 928 479 966 nereus
494 913 621 968 mutilum
634 920 791 970 malueram.
819 912 893 967 istuc
906 915 1074 983 perpetuum
1087 910 1175 966 itiner

157 982 195 1036 sIt
212 981 323 1036 utinam
340 982 433 1038 Horret

624 1062 700 1122 VIII

156 1161 351 1247 Nobilitate,
373 1162 513 1228 frictione
536 1162 638 1228 fretus
661 1162 852 1229 interdicere

228 1283 337 1338 Nonius
347 1289 408 1352 304,
419 1289 453 1338 26
474 1283 504 1337 ‘f
506 1284 599 1340 aetio
617 1284 721 1339 iterum
734 1284 876 1356 significat
890 1283 1073 1354 opulentIam,
1083 1284 1174 1339 abun-

158 1353 286 1409 dantIam
305 1357 334 1409 et
352 1354 533 1410 nobilitatem
552 1399 647 1412 .....
651 1357 659 1383 ’

228 1443 379 1498 nobilitate
398 1443 522 1498 factione
541 1461 591 1500 om.
611 1445 723 1500 ΒΘΗι
776 1444 928 1499 nobilitate
946 1445 1051 1500 Julius
1068 1443 1173 1500 nouili-

156 1518 217 1570 tate
236 1536 257 1570 ω
329 1515 505 1570 interdueere
523 1516 552 1570 B

641 1596 685 1654 IX

159 1741 165 1752 .
191 1739 198 1750 .
223 1709 296 1752 oum
319 1687 442 1752 intereo
468 1685 517 1752 nss
540 1688 712 1772 quiequam
736 1709 755 1752 n
777 1709 828 1752 me
852 1691 901 1753 est
922 1687 1045 1772 praemi
1068 1708 1172 1771 neque

745 1794 869 1860 fruetus
892 1799 966 1860 tuae

157 1881 359 1969 Benignitati
383 1885 479 1966 etque
504 1881 715 1968 obsequellae.
1173 1897 1230 1947 210
1341 1885 1342 1926 s

229 2001 338 2056 Nonius
348 2007 409 2071 215,
419 2009 454 2058 30
469 2003 687 2072 ‘obsequium
700 2006 800 2059 neutro
810 2020 912 2129 genere
967 2003 1172 2072 obsequella

156 2072 305 2128 feminino'
332 2073 574 2144 (obsequentia
592 2075 721 2145 Bothius)
741 2119 747 2130 .
764 2119 791 2131 ..

156 2145 235 2198 idem
252 2144 493 2200 Thrasileone:
513 2147 586 2199 eum’
608 2163 630 2200 e.
646 2164 672 2215 q.
688 2164 709 2200 s.

200 2233 338 2314 ,runnu
357 2254 384 2314 a·
428 2233 552 2315 praemii
570 2255 592 2288 a
655 2234 762 2290 finctus
776 2219 875 2305 serape·
893 2237 955 2290 erar
972 2256 994 2290 ω
1059 2236 1174 2291 abeni-

158 2305 265 2374 gnrtatr
282 2321 302 2359 a
320 2303 506 2375 bemgmtatis
526 2326 560 2374 ω,
579 2306 632 2374 def.
652 2306 709 2361 Leo
727 2307 771 2361 Pl.
792 2305 826 2360 F.
847 2311 899 2361 286
971 2305 1175 2375 obsequentiae

158 2377 279 2431 Boetius
315 2375 488 2446 Septenaria
505 2378 635 2432 iambicos
651 2377 759 2446 praemi
777 2377 876 2446 Neque
895 2379 971 2446 erat,
990 2380 1057 2432 tuae
1076 2396 1097 2436 e.
1112 2396 1136 2449 q.
1151 2396 1173 2434 a.

156 2447 326 2502 commendat
344 2447 418 2515 Bae,
436 2447 499 2514 fort.
518 2454 587 2503 reete

652 2527 680 2586 X

157 2597 232 2692 Iloo
263 2630 296 2692 te
329 2627 400 2713 oro,
431 2631 469 2691 ut
500 2627 588 2692 illius
618 2627 864 2693 oonmiseresoas
891 2627 1061 2694 miserulae
1090 2629 1178 2694 orbi-

620 2739 622 2742 ’
746 2733 877 2799 tudinis.
931 2809 933 2813 ¹

231 2835 340 2892 Nonius
361 2841 420 2906 146,
441 2842 474 2891 18
495 2837 725 2892 ‘orbitudinis
743 2855 795 2907 pro
814 2837 939 2892 orbitate
957 2881 963 2892 .
979 2878 986 2893 .
1001 2838 1020 2892 .’

162 2940 166 2946 ·
231 2924 331 2980 utilius
351 2925 424 2980 Μ
482 2925 640 2995 mineruae,
659 2929 731 2997 quod
746 2928 814 2982 ole'm
828 2943 1036 2997 proposueram,
1055 2943 1112 2982 non
1130 2930 1175 2983 in·
1214 2983 1219 2998 ,

153 2997 287 3067 probauit
305 2997 472 3052 Ritselreliue
498 3013 588 3066 opusc.
607 2999 647 3051 ΙΙ
661 3003 713 3052 688
740 2997 859 3052 miserae
882 3010 917 3053 err
944 2999 1051 3052 hiatum
1076 3000 1178 3055 tolerat

160 3068 217 3124 Leo
236 3069 253 3123 l.
274 3067 290 3122 l.
310 3073 362 3121 32⁷
419 3070 453 3122 ut
470 3066 547 3122 illius
565 3067 685 3122 miserae
704 3068 929 3123 commiseresoas
950 3068 1126 3137 Grautoffius
1142 3073 1176 3124 ut

156 3137 279 3192 miserae
297 3136 375 3192 illius
394 3138 619 3194 commiseresoas
633 3141 752 3196 Bottiue
770 3139 846 3194 illius
866 3157 888 3195 o.
903 3141 936 3193 ut
949 3138 1068 3194 miserae
1082 3139 1179 3198 Haoet

645 3272 688 3331 XI

158 3368 260 3437 Cesso
275 3372 430 3458 occupare
445 3376 478 3438 et
491 3394 542 3438 me
556 3371 591 3438 in
605 3373 803 3468 colloquium
818 3371 962 3438 conferre
975 3371 1116 3441 horum?

232 3491 342 3548 Nonius
360 3499 421 3564 355,
442 3499 475 3548 13
496 3494 680 3564 ‘occupare
698 3497 742 3550 eet
759 3493 871 3564 proprie
889 3495 1054 3564 praeuenire
1074 3540 1080 3552 .
1097 3539 1103 3551 .
1119 3497 1137 3551 .'

234 3580 307 3636 ferre
325 3583 354 3638 Β
364 3584 390 3636 L
408 3582 466 3637 iam
484 3582 609 3638 conferre
627 3585 693 3639 olim
710 3585 871 3653 rainonem

212 3679 295 3723 sorem
310 3693 371 3732 pose.
385 3682 450 3724 Rom.
463 3683 545 3736 fragm.
560 3682 595 3725 ed„
609 3682 725 3724 Breuem
746 3683 777 3725 IL
998 3679 1014 3728 9

835 2075 953 2145 urpilius
972 2074 1101 2145 Epiolero
1121 2119 1127 2131 .
1144 2119 1174 2130 ..
