2696 3946
160 220 204 283 86
490 217 676 272 canonius
695 216 845 272 ssasws
952 281 955 289 ,

160 381 193 433 ut
211 377 325 434 iusseris
344 379 379 448 (b.
399 395 420 432 e.
439 377 503 444 inl,
521 379 554 432 ai
571 379 592 445 f.
612 378 646 445 cf.
666 377 768 444 Afraa.
788 377 833 446 87)
852 396 874 445 φ
893 374 1008 429 lusseris
1030 381 1123 431 tactem
1141 375 1173 429 P.

160 451 278 522 Laupas
301 451 388 505 Bec‘tr.
409 453 442 502 18
471 451 503 502 ut
526 447 640 502 lusseris
664 449 726 502 Bac
753 446 884 500 elusseris
909 447 1040 502 Halmius
1062 445 1174 500 unxeris

161 523 252 578 Palat.
272 540 290 576 a
309 519 465 575 emunxeris
485 521 629 576 Beatlec'cs
647 521 679 573 ia
697 519 766 574 Hor.
785 537 811 574 a.
827 536 857 588 p.
878 524 911 573 96

648 651 692 709 IV

107 775 159 824 245
169 753 218 820 'St
241 759 356 820 tacete:
381 753 459 840 quid
482 754 545 818 hoc
568 752 740 818 clamoris?
768 751 888 835 quibus
910 773 969 816 nec
991 755 1094 816 mater
1117 753 1176 816 nc‘c

747 862 853 944 pater,

170 969 274 1034 Tanta
296 967 512 1034 confidentia?
535 967 658 1032 auferte
680 965 777 1030 istam
801 967 886 1030 enim
909 966 1102 1050 superbiam.

233 1090 328 1145 Cicero
344 1090 379 1144 de
394 1091 463 1143 orat.
478 1089 561 1158 1164,
576 1093 627 1142 257
643 1089 739 1158 ‘saepe
758 1087 845 1142 etiam
863 1095 960 1142 uersus
979 1087 1071 1142 facete
1089 1087 1176 1140 inter-

160 1161 275 1231 ponitur
298 1161 400 1215 uelut
423 1163 467 1215 est
492 1159 539 1214 uel
566 1159 714 1230 paululum
740 1161 880 1229 mutatus,
909 1162 959 1213 aut
986 1158 1083 1227 aliqua
1109 1175 1175 1227 pars

161 1249 266 1302 uersus,
281 1235 314 1286 ut
332 1231 440 1286 Statii
459 1248 476 1285 a
491 1231 619 1285 Scauro
639 1231 878 1285 stomachante
893 1233 939 1300 (ex
957 1246 1012 1298 quc
1028 1232 1094 1284 sunt
1106 1246 1176 1283 non-

160 1303 245 1372 nulli,
266 1303 315 1372 qui
333 1305 413 1357 tuam
430 1303 524 1372 legem
542 1302 577 1356 de
597 1301 715 1356 ciuitate
732 1305 844 1371 natam,
865 1300 975 1370 Crasse,
999 1300 1120 1371 dicant):
1145 1303 1176 1355 st

160 1375 291 1429 tacete’
313 1390 336 1428 e.
352 1392 377 1443 q.
394 1392 414 1428 s.
439 1372 564 1444 (satius
583 1373 629 1427 vel
648 1372 777 1428 statius
802 1389 922 1426 scauro
942 1371 1176 1426 stomachanti

160 1467 191 1514 ω,
211 1463 279 1500 corr.
299 1445 416 1515 Bakius)
435 1445 521 1499 Deest
540 1443 618 1498 locus
637 1443 668 1498 in
686 1443 742 1498 Eri,
761 1446 817 1499 vet.
838 1446 867 1498 et
884 1443 997 1498 Abrinc.

76 1557 78 1562 '
135 1567 136 1570 ¹
234 1558 247 1604 1
269 1552 306 1622 st]
327 1551 376 1604 sed
395 1550 554 1620 Palam,
568 1568 619 1607 om.
634 1551 673 1605 M
684 1552 795 1621 (mutila)
815 1549 839 1604 si
858 1551 885 1604 L
902 1551 1178 1620 (baLaaotamc'csc'

160 1624 331 1694 apoprapbo)
403 1638 455 1676 nec
473 1638 523 1677 om.
543 1623 570 1676 L
589 1623 651 1678 Eri.
715 1625 806 1675 mater
823 1637 875 1676 nec
893 1623 975 1690 pater
994 1622 1076 1676 Harl.
1096 1622 1175 1676 Leto.

161 1695 243 1763 pater
259 1709 312 1747 nec
329 1695 422 1748 mater
440 1693 478 1747 M
584 1693 621 1748 sit
639 1695 703 1748 add.
723 1693 836 1762 Lari,
861 1694 935 1748 wado
955 1709 1008 1747 nec
1026 1694 1107 1762 pater
1125 1709 1177 1747 nec

160 1767 252 1818 mater
271 1767 314 1818 est
332 1765 389 1819 Leo
407 1765 452 1819 Pl.
473 1764 507 1818 1«.
529 1769 579 1818 285
672 1771 687 1818 2
708 1763 878 1819 confidentia
897 1763 964 1818 estis
984 1785 1018 1834 ω,
1038 1763 1106 1818 estis
1126 1765 1176 1820 dcl.

162 1836 320 1891 Setactac'us
392 1835 500 1890 auferte
519 1835 597 1892 Letoi.
618 1835 752 1906 auferto
817 1835 890 1889 istae
908 1835 1006 1891 aasz.
1026 1834 1056 1888 in
1071 1835 1109 1890 Μ

162 1905 238 1960 enim
256 1924 306 1962 om.
326 1907 365 1961 M
380 1907 441 1962 Eri.
516 1909 536 1963 t.
557 1923 580 1961 c.
600 1907 687 1962 estis?
707 1906 830 1961 aufertin
848 1905 1030 1976 superbiam?
1049 1907 1106 1962 Leo

162 1978 271 2032 auferte
289 1995 363 2032 nunc
382 1978 468 2032 istam
487 1977 650 2048 superbiam
668 1980 708 2033 cd.
727 1979 806 2034 Rom.

656 2110 684 2166 V

163 2211 198 2276 Si
221 2213 449 2278 confidentiam
472 2213 618 2297 adhibeo,
642 2211 765 2276 confide
789 2211 905 2275 omnia.

233 2333 355 2388 Isidorus
376 2333 451 2404 Orig.
466 2334 493 2386 X
505 2340 540 2388 40
561 2333 722 2402 ‘confidens
742 2333 818 2400 quod
838 2331 875 2386 sit
893 2331 923 2385 in
942 2331 1049 2387 cunctis
1069 2329 1173 2386 fiducia

161 2405 270 2474 plenus.
290 2405 412 2459 undeet
432 2404 583 2460 Caecilius:
604 2404 638 2456 si’
660 2420 682 2458 e.
703 2421 728 2472 q.
749 2421 769 2457 s.

233 2511 321 2566 habes
341 2512 407 2568 Par.
428 2511 566 2566 adhibens
591 2511 725 2579 Wolfcab.

646 2661 690 2718 VI

163 2815 170 2828 .
195 2815 201 2828 .
226 2816 232 2828 .
256 2763 440 2828 innocentia
463 2763 687 2848 eloquentiam.

234 2885 369 2954 Apuleius
393 2885 504 2954 apolog.
525 2901 547 2938 c.
567 2889 583 2938 5
604 2885 683 2938 ‘sane
710 2881 825 2952 quidem
853 2881 878 2935 si
902 2897 1001 2935 uerum
1028 2882 1071 2934 est
1099 2879 1175 2947 quod

163 2955 287 3010 Statium
305 2955 458 3010 Caecilium
475 2955 506 3010 in
525 2955 582 3010 suis
598 2953 777 3024 poematibus
792 2951 936 3022 scripsisse
951 2952 1056 3019 dicunt,
1076 2950 1177 3004 innc-

164 3026 313 3080 centiam
332 3027 567 3096 eloquentiam
585 3027 674 3081 csse’
695 3043 718 3080 e.
738 3043 764 3094 q.
785 3043 805 3079 s.

238 3134 316 3204 chd
339 3135 453 3190 accita
475 3135 563 3205 tctipit
580 3133 717 3202 Apuleias
743 3133 846 3187 dictam
868 3131 1057 3212 aliquomodo
1076 3130 1107 3183 ta
1125 3146 1177 3184 aa·

163 3221 249 3259 meros
267 3207 371 3276 recepi:
390 3207 493 3274 captori
510 3209 672 3260 scatentium
684 3207 724 3259 sic
741 3205 798 3272 scre
812 3218 896 3272 saepe
910 3200 1073 3256 mnoccntia
1087 3199 1179 3270 ipsast

163 3275 327 3343 eloquentia
349 3279 426 3332 suast
444 3278 476 3330 in
493 3277 583 3332 coroll.
599 3293 628 3346 p.
648 3275 725 3328 XXX
833 3272 930 3341 animi¹
941 3274 1083 3344 praemitti
1106 3274 1180 3328 tabet

165 3346 326 3418 Spcapclc‘cs
343 3348 401 3402 aa.
421 3349 472 3403 litt.
495 3347 614 3418 Gottc'ap.
636 3351 704 3400 1865
721 3364 750 3416 p.
766 3351 818 3400 550

642 3479 702 3538 VH

165 3579 302 3644 Tantam
325 3601 393 3644 rem
418 3581 558 3646 dibalare
581 3585 619 3646 ut
641 3603 700 3667 pro
719 3579 786 3644 nilo
810 3577 971 3642 ha‘buerit.
