2696 3946
333 190 383 244 EX
401 189 568 245 ntentans
586 189 828 246 INCERTORVM
845 191 997 246 FABVLIS
1107 193 1170 257 147

621 359 705 418 LXII

154 457 212 524 Sui
237 460 357 546 quique
379 483 486 526 mores
508 461 640 548 fingunt
663 461 827 526 fortunam
850 459 1045 526 hominibus.
1191 483 1223 533 75

226 581 371 636 Cornelius
398 581 493 651 Nepos
521 581 582 637 vlta
604 581 694 636 Attici
714 587 756 652 11,
777 587 793 635 6
818 580 926 650 ‘ltaque
954 581 1001 636 hie
1028 581 1109 652 feeit,
1138 586 1171 638 66

153 669 220 706 uere
244 653 352 707 dietum
375 653 519 710 uideatur:
549 653 603 707 sui'
629 670 652 707 e.
672 671 698 722 q.
719 671 739 706 6.
778 651 873 707 Cicero
892 652 993 709 Parad.
1013 660 1038 724 5,
1058 659 1092 708 35
1113 655 1171 708 ‘eui

153 724 241 778 etiam
268 741 341 792 quae
363 724 422 778 uim
445 724 549 780 habere
567 724 721 778 maximam
739 723 843 777 dieitur
860 723 986 778 Fortuna
1003 724 1068 794 ipsa
1086 726 1170 794 cedit,

154 795 228 849 61666
242 795 381 866 sapiens
394 799 499 865 poeta
513 795 598 852 dixit:
619 795 690 849 suis
705 811 743 849 ea
757 794 881 863 cuique
899 794 1050 866 fingitur
1067 797 1170 850 mori-

152 866 243 937 bus’,
263 867 372 921 Nonius
392 873 453 936 626,
469 873 503 920 24
523 867 559 920 ‘si
577 866 670 937 prisea
689 865 831 920 sententia
848 865 1047 936 philosophica
1066 867 1171 936 6661616

153 937 343 1007 intellectum,
367 955 440 1005 quae
465 938 518 994 ait:
545 938 597 992 661
618 983 622 992 .
640 982 646 994 .
663 983 668 992 .
687 937 840 1008 fingunt,
860 937 1037 1006 omnipotens
1056 937 1170 992 fortuna

154 1025 215 1063 esse
239 1009 363 1064 desinit?
402 1009 477 1063 Tota
498 1009 585 1063 Nonii
608 1007 765 1078 disputatio
788 1008 854 1062 inde
873 1025 891 1061 a
909 1027 936 1077 p.
952 1015 1012 1077 626,
1029 1015 1062 1063 16
1080 1027 1170 1078 usque

155 1081 191 1134 ad
210 1086 271 1150 627,
292 1086 326 1134 10
345 1097 379 1134 61(
397 1080 599 1135 commentario
618 1079 714 1148 aliquo
733 1079 897 1150 Vergiliano
918 1080 954 1132 ad
972 1081 1041 1134 Aen.
1060 1079 1099 1134 IV
1118 1087 1168 1134 696

153 1154 267 1222 sumpta
285 1155 342 1207 est:
361 1151 396 1206 of.
416 1151 529 1206 Servius
548 1155 577 1206 66
595 1149 703 1206 Gellius
721 1151 787 1204 XIII
806 1157 830 1204 1.
858 1150 963 1204 Versus
981 1153 1077 1205 noster
1095 1151 1170 1205 inter

152 1222 269 1276 Publilii
289 1221 352 1292 Syri
371 1223 527 1278 sententias
550 1223 737 1278 referebatur:
761 1225 791 1276 66
811 1221 965 1276 ‘mimicum
983 1223 1105 1278 versum’
1126 1222 1169 1275 di-

152 1294 192 1347 cit
209 1295 407 1348 Lachmannus
431 1311 555 1364 666666,
579 1295 628 1348 sed
650 1293 768 1347 mimum
792 1293 892 1347 dubito
910 1311 978 1346 num
997 1293 1092 1348 Cicero
1113 1294 1168 1356 ‘sa-

151 1365 256 1434 pientis
275 1367 387 1435 poetae'
408 1365 521 1420 nomine
542 1365 691 1420 ornaverit.
729 1364 770 1420 ef.
789 1363 885 1418 Plauti
904 1363 979 1418 Trin.
1000 1370 1060 1420 363.
1244 1367 1246 1372 ’

227 1453 271 1508 661
289 1453 394 1523 661666
412 1456 584 1510 scribendum
602 1472 656 1510 esse
670 1461 734 1524 post
753 1453 958 1509 Ileebebenem
976 1454 1171 1508 demonstrabit

155 1526 353 1581 Laebmanaos
375 1527 407 1580 io
430 1527 513 1582 Luer.
533 1531 568 1579 94
597 1525 640 1580 sui
663 1524 786 1594 quoique
808 1525 923 1580 Haenel.
956 1523 1000 1577 sui
1024 1523 1124 1593 cuique
1147 1546 1169 1594 φ

151 1598 278 1667 Nepotis,
297 1598 409 1652 Nonius
429 1597 487 1650 suis
506 1613 540 1651 ea
558 1596 659 1666 661666
681 1596 772 1652 Oe'eero
838 1611 929 1649 mores
948 1595 1059 1664 fingunt
1077 1596 1171 1664 Nepos

152 1676 179 1724 et
197 1669 324 1737 1166166,
342 1670 400 1722 aiei
418 1670 490 1738 quod
508 1668 665 1738 funguntur
683 1667 796 1722 Monac.
816 1667 907 1722 Haeo.
928 1667 1043 1736 Nepotis
1113 1667 1169 1720 for-

154 1743 254 1794 tunam
272 1738 435 1794 hominibus
453 1756 503 1794 om.
524 1740 636 1794 Noniae
737 1737 899 1792 hominibus
918 1755 968 1792 om.
988 1739 1171 1809 6666611666

154 1811 242 1881 Rom,
263 1811 342 1867 Ler'd.
363 1811 436 1867 Voss.
456 1813 496 1865 ab
516 1809 645 1864 omnibns
663 1826 799 1880 66666666.
819 1811 851 1863 66
871 1808 967 1876 Gifan.
982 1809 1064 1876 Wolf.
1084 1809 1167 1890 Saoq.

156 1884 250 1938 Vrbin.
273 1882 360 1938 Ottob.
379 1881 459 1936 Alere.
479 1882 578 1937 Petne.
598 1882 690 1936 Haeo.
764 1879 821 1933 suis
840 1879 957 1950 fingitur
975 1879 1089 1934 fortuna
1110 1898 1167 1934 661-

150 1970 204 2021 666
223 1952 348 2008 moribus
367 1954 444 2022 epod
463 1951 617 2008 Ciceronem
634 1953 730 2008 scribit
747 1952 952 2006 hartmannus.

607 2067 708 2126 LXIII

150 2167 239 2234 Onus
263 2171 312 2234 666
334 2169 438 2234 honos
461 2169 518 2254 qui
540 2169 680 2234 66611666
702 2191 771 2232 rem
793 2167 965 2253 prlblieam.

222 2291 312 2344 Varro
331 2291 366 2344 de
385 2290 403 2345 l.
423 2291 441 2344 l.
457 2291 483 2345 V
498 2296 530 2344 ⁷3
552 2291 674 2344 ‘honos
694 2290 730 2344 ab
748 2290 854 2344 honere
873 2288 933 2342 siue
952 2303 1049 2358 onere,
1067 2287 1166 2356 itaque

149 2361 299 2416 honestum
317 2361 422 2415 (1161666
439 2362 515 2430 quod
535 2365 694 2430 oneratum,
724 2363 753 2415 et
776 2360 918 2416 dietum:
948 2360 1028 2414 onus’
1054 2375 1077 2414 e.
1096 2377 1122 2428 q.
1144 2378 1164 2414 s.

149 2433 280 2487 Fortasse
302 2449 398 2488 versus
420 2431 566 2502 popularis
589 2431 645 2488 1616
667 2431 771 2487 661116
796 2431 871 2502 apud
894 2431 1050 2486 Varronem
1072 2430 1107 2484 de
1135 2447 1166 2484 re

148 2507 216 2558 rust.
236 2504 275 2557 III
294 2511 323 2572 2,
344 2510 357 2557 1
378 2507 408 2558 66
426 2503 549 2558 Gellium
567 2503 607 2558 IV
625 2510 650 2572 6,
670 2510 686 2557 6
707 2503 847 2557 ‘malam
876 2501 1060 2556 eonsilium
1087 2503 1165 2555 666-

149 2575 277 2629 sultori
294 2575 544 2644 pessimumst'‚
564 2575 599 2629 de
618 2592 673 2644 666
692 2574 727 2628 61.
739 2574 834 2630 eoroll.
846 2573 960 2626 XLVIII
977 2571 1164 2626 Buechelerus

148 2663 219 2700 mus.
238 2645 327 2701 Rhen.
346 2653 389 2716 41,
410 2653 426 2700 2
444 2647 586 2701 Baehrens
605 2645 676 2700 FPR
693 2645 780 2715 praef.
801 2663 828 2714 p.
849 2649 891 2698 23.

607 2761 705 2820 LXIV

148 2862 224 2930 Non
248 2864 297 2927 661
319 2863 446 2948 beatus,
470 2864 537 2928 6666
561 2820 596 2927 se
617 2862 763 2947 661666
785 2865 888 2946 putat.

221 2985 327 3040 Seneca
350 2983 430 3055 epist.
451 2989 476 3053 9,
496 2990 528 3038 21
551 2984 639 3053 ‘apud
665 2986 803 3053 poetam
831 2981 996 3036 comicum
1023 2980 1172 3034 inueniesr·

148 3072 205 3110 666
224 3057 267 3109 666
284 3055 396 3109 beatus’
417 3071 440 3110 e.
450 3073 477 3124 q.
488 3073 508 3109 s.
536 3054 660 3109 Publilio
675 3072 725 3108 suo
740 3053 872 3124 ascripsit
886 3052 958 3108 euil.
969 3053 1065 3120 Meyer
1077 3070 1105 3121 p.
1115 3057 1157 3106 46.

159 3173 163 3176 .
218 3125 335 3182 16661661
357 3127 411 3180 hoe
433 3126 496 3180 1666
519 3125 588 3180 olim
613 3126 761 3180 adiunctas
785 3123 940 3181 sententias
963 3140 1033 3192 quas
1057 3122 1164 3178 Seneca

147 3197 290 3266 laudant,
319 3214 491 3266 quamquam
513 3198 653 3265 quaedam
676 3214 773 3252 earnm
796 3195 883 3251 etiam
905 3195 936 3252 in
959 3194 1067 3264 sylloge
1090 3211 1162 3262 6666

147 3267 266 3322 Publilii
285 3268 347 3338 Syri
365 3267 479 3324 nomine
497 3267 585 3324 fertur
604 3271 702 3324 extant
714 3284 767 3324 666
780 3267 872 3322 minus
885 3265 1072 3336 probabiliter
1088 3265 1163 3320 aliae

148 3357 260 3410 666666
279 3339 316 3395 ad
334 3340 451 3394 mimum
468 3339 634 3396 referuntur.
1132 3395 1133 3400 1

613 3453 695 3514 LXV

147 3558 180 3624 Is
203 3557 338 3624 minimo
363 3562 436 3646 eget
458 3558 618 3642 mortalis,
641 3557 697 3642 qui
720 3557 891 3622 minimrim
916 3556 1014 3641 eupit.
1121 3601 1123 3612 ·

947 3662 999 3715 10·
