2694 3952
208 236 271 300 196
597 231 627 286 L.
647 228 830 284 AFRANIVS

692 399 740 457 HI

205 505 275 570 Hac
298 505 422 589 hae‘ret,
450 507 483 566 at
505 493 597 566 ‘haud
626 501 747 564 clamor
770 501 887 584 oritur,
918 499 973 562 aed
996 497 1147 582 spirilum
1170 499 1227 563 fir-

847 605 943 668 miter
966 603 1067 668 inflat.

277 731 511 798 amianarum
528 727 695 782 ‘firmiter
712 744 763 796 pro
782 726 860 779 firme
881 770 885 779 .
903 771 908 780 .
925 770 930 780 .
946 724 1079 779 Afranius
1094 726 1223 796 Augure:

205 806 259 860 hoo
277 804 367 859 herel’
389 818 412 856 e.
432 819 458 869 q.
479 817 499 854 s.

276 912 449 979 Arrapceetoe
468 909 580 979 apponit
598 905 784 962 Neuiircliius
872 904 925 958 hac
944 905 1044 972 scripsi
1061 903 1114 957 hoc
1134 925 1155 959 ω
1174 904 1224 959 hic

204 983 391 1040 Nealcirchirre
481 981 512 1032 al
534 977 611 1030 haud
634 977 733 1044 scripsi
755 978 788 1028 ut
811 975 888 1028 haud
911 976 958 1029 Bo
981 978 1013 1028 ut
1037 978 1088 1028 aut
1110 996 1132 1044 φ
1155 978 1225 1030 utut

205 1055 390 1111 Nealcirclrirrs
480 1049 589 1118 spiritu’
609 1049 795 1102 Neukircltiae
876 1045 957 1099 inflat
975 1048 1075 1115 scripsi
1091 1045 1182 1100 instat
1199 1068 1225 1101 ω

258 1127 312 1179 hoc
330 1124 357 1178 h.
377 1121 419 1176 ita
438 1124 470 1174 ut
551 1120 640 1172 instat
660 1121 695 1188 (li.
710 1136 731 1172 e.
751 1126 829 1188 arpct
847 1125 879 1173 rit
897 1119 1065 1188 intercipiat)
1084 1118 1146 1172 Bac

692 1251 736 1310 IV

205 1360 290 1437 Quid
312 1356 443 1442 prodest
466 1355 549 1418 istuc
572 1356 604 1417 te'
627 1353 787 1416 blaterare
810 1355 907 1434 alque
931 1349 1087 1434 obloqui?

274 1479 384 1534 Nouius
405 1482 446 1545 78,
466 1481 499 1529 32
521 1474 727 1542 ‘blaterara
747 1473 905 1542 confingere
923 1488 974 1540 per
992 1473 1160 1528 mendacia?

273 1585 389 1655 prodest
408 1582 498 1636 F³H¹
517 1583 560 1635 eal
579 1602 600 1650 φ
674 1577 802 1647 oblioqui
821 1579 865 1632 Η1
884 1577 993 1646 obliqui
1014 1580 1086 1634 Μ

697 1712 726 1767 V

196 1821 320 1911 'Voltus
343 1822 391 1882 eal
414 1801 522 1880 fallr'ici
546 1818 676 1899 aspectu
699 1813 805 1897 piriee
828 1813 935 1896 piolus
957 1814 1098 1898 putidus.

272 1939 382 1995 Nonius
403 1944 466 2006 152,
486 1943 520 1992 28
546 1934 730 2006 ‘putidum
753 1936 836 2003 putre
858 1977 860 1986 .
879 1978 884 1988 .
901 1978 906 1988 .
924 1978 929 1988 .
949 1934 1081 1989 Afranius
1105 1936 1221 2006 Augu.

201 2014 285 2068 rius:
305 2012 343 2066 et'
365 2027 388 2066 e.
408 2028 434 2078 q.
455 2027 475 2063 s.
567 2005 775 2077 (Auguribus
794 2005 945 2061 Bentinus:
965 2006 999 2060 cf.
1019 2006 1115 2062 ooroll.
1134 2007 1220 2090 LXV)

273 2118 368 2173 uoltus
391 2118 432 2171 rel
455 2132 555 2184 corpus
578 2112 727 2168 calfacias
751 2114 782 2166 isc
805 2113 881 2166 tituli
899 2115 1023 2182 corrupti
1041 2116 1118 2168 orcita
1136 2115 1220 2169 latere

99 2239 101 2245 .
201 2192 304 2247 coriaci
321 2188 394 2242 risus
409 2194 520 2257 praeter
538 2187 597 2240 otia
615 2185 678 2238 Bae
733 2185 776 2236 est
794 2185 892 2251 ecripa
911 2185 940 2236 et
959 2205 980 2237 ω
1035 2187 1129 2254 paries
1146 2185 1220 2239 F¹L

200 2261 307 2334 parties
326 2261 357 2314 E
423 2256 515 2327 pictae
535 2256 576 2310 F¹
647 2253 754 2323 putidis
774 2254 818 2308 H¹
836 2253 943 2322 pitidus
964 2254 1004 2308 F¹

565 2405 844 2464 BRVNDISINAE

271 2528 400 2582 Donatus
420 2525 454 2578 de
473 2522 597 2577 comoed.
619 2520 755 2574 ‘omnium
774 2523 870 2574 autem
889 2520 1098 2574 comoediarum
1112 2521 1219 2591 scripta

200 2619 235 2656 ex
253 2601 388 2669 quattuor
405 2596 489 2650 rebus
505 2593 618 2648 omnino
634 2594 789 2660 sumuntur,
803 2590 917 2646 nomine
932 2592 995 2646 loco
1009 2592 1086 2650 facto
1101 2596 1218 2648 euentu:

199 2671 321 2740 nomine,
340 2671 375 2721 ut
391 2665 522 2721 Phormio
541 2665 651 2733 Hecyra
667 2662 795 2718 curculio
810 2662 953 2732 Epidicua
973 2663 1044 2733 loco,
1064 2666 1096 2717 ut
1110 2663 1218 2718 Andria

199 2741 343 2798 Leucadia
361 2735 596 2792 Brundusina'
618 2751 641 2789 e.
657 2753 683 2802 q.
699 2753 719 2788 a.
752 2734 834 2788 Vnde
851 2734 1085 2804 proficiscendum
1102 2735 1133 2788 in
1151 2751 1218 2788 con-

201 2813 345 2869 stituenda
363 2808 547 2878 inscriptione
565 2809 643 2860 ratus
662 2805 850 2859 Neukirchius
866 2808 973 2859 ceteros
989 2809 1118 2860 auctores
1132 2805 1218 2859 nihili

199 2885 309 2940 habuit.
702 2956 717 3013 I

143 3044 181 3141 '15
202 3066 281 3144 Quis
305 3065 373 3128 lam
397 3061 504 3148 sagaci
528 3057 622 3122 corde
646 3060 743 3140 atque
766 3055 896 3142 ingenio
920 3057 1015 3122 unico
1041 3058 1105 3122 -?

271 3188 370 3241 Festus
389 3203 416 3254 p.
432 3188 482 3236 321
502 3181 539 3234 M.
561 3181 719 3248 ‘sagaces
739 3175 919 3247 appellantur
937 3177 1020 3233 multi
1040 3196 1072 3233 ao
1092 3178 1216 3233 sollertis

200 3257 345 3314 acuminis.
383 3252 516 3308 Afranius
534 3251 566 3304 in
583 3247 808 3303 Brundisina:
828 3247 901 3316 quia'
923 3265 946 3303 e.
966 3266 992 3318 q.
1013 3268 1033 3305 s.

693 3381 725 3440 H

199 3491 370 3577 ‘Equidem
397 3509 483 3554 nuno
510 3483 658 3570 resipiui,
685 3486 857 3567 postquam
884 3484 996 3566 pictus
1019 3487 1068 3548 esi
1091 3485 1217 3550 laetitia

766 3585 770 3594 “
841 3592 1000 3653 onustum.
