2670 3948
191 183 235 250 20
584 183 640 240 GN.
659 183 820 239 NAEVIVS

263 343 357 399 Nolim
375 343 535 414 praecisum
553 346 640 412 etque
659 345 798 424 ominum:
816 361 883 399 nom
896 343 983 427 coriis
996 344 1084 398 modos
1097 323 1211 398 mitium

191 432 284 472 oerum
305 417 430 486 suppleri
448 423 551 486 potest,
575 433 596 472 c.
616 433 638 472 o.
662 431 707 469 em
729 416 771 470 cel
788 431 846 495 mm
861 413 1208 541 mmorpldmmUrbizalggp

191 486 474 628 diffidit?
487 486 646 614 nidd·
659 485 1048 626 timiditates
1140 529 1145 540 ·

620 705 782 766 PAELEX

262 822 302 878 Of.
323 824 457 893 Παλλακή
476 823 603 878 Alexidis
622 821 772 878 Menandri
791 821 907 892 Diphili.

192 931 311 998 Desine
334 933 418 998 socri
441 937 513 1018 tuo,
536 933 630 998 frdtri
653 931 796 1018 patrueli
817 954 888 997 meo

262 1054 372 1109 Nonius
387 1060 447 1123 223,
462 1060 495 1108 21
522 1056 655 1110 ‘socrus
679 1056 709 1108 et
726 1052 883 1108 masculino
902 1069 1004 1122 genere
1023 1055 1134 1108 ueteres
1153 1052 1212 1106 dici

191 1141 275 1194 posse
293 1125 463 1180 uoluerunt!
484 1125 631 1194 (Pelliee
649 1124 769 1180 Bothius
788 1123 920 1194 pellico
939 1123 1015 1192 libri)

263 1231 373 1300 desine,
395 1247 431 1287 sc.
453 1233 523 1286 mole
545 1233 633 1287 dicere
662 1230 753 1285 desim
771 1231 891 1286 Boreios
963 1230 1056 1286 socrui
1075 1232 1104 1286 P
1129 1246 1211 1285 socru

194 1303 340 1374 Quiclurm
358 1318 438 1356 sooro
457 1303 576 1358 Botdc'oc
629 1300 753 1372 patrueli
774 1302 890 1367 Goietue
907 1302 1004 1372 putrui
1023 1323 1044 1356 ω
1122 1335 1125 1341 ·

582 1450 823 1512 PERSONATA

160 1545 165 1556 ’
259 1551 374 1617 Festus
388 1576 419 1638 p.
430 1552 494 1616 217
504 1551 547 1618 M.
563 1552 793 1618 ‘Personotn
811 1553 922 1617 fabule
936 1555 1092 1638 quaedam
1105 1552 1212 1619 Naeui

193 1659 395 1745 inscribitur,
428 1682 525 1744 quem
557 1663 675 1744 putent
703 1659 835 1744 quidam
861 1660 1004 1744 primum
1032 1660 1166 1745 [ectum]
1194 1682 1214 1725 a

193 1767 375 1851 personatis
404 1765 627 1831 histrionibus.
674 1765 731 1830 sed
760 1787 834 1832 cum
860 1770 936 1852 post
963 1767 1084 1832 multos
1111 1789 1213 1832 annos

194 1873 340 1938 comoedi
365 1877 397 1938 et
421 1872 567 1960 tragoedi
590 1873 737 1957 personis
760 1873 809 1938 uti
833 1873 1010 1959 coeperint,
1034 1873 1104 1938 ueri
1127 1875 1214 1939 simi-

193 1979 257 2044 lius
289 1983 339 2044 est
372 2001 442 2044 enm
474 1979 618 2044 fabulum
649 1983 784 2065 propter
816 1980 960 2065 inopiam
987 1980 1215 2046 comoedorum

194 2089 299 2150 actem
323 2108 443 2151 nouom
466 2107 525 2171 per
542 2084 721 2171 Atellanos,
745 2086 801 2171 qui
819 2087 950 2172 proprie
968 2091 1128 2152 uocantur
1145 2110 1215 2172 per-

194 2192 314 2278 sonati,
343 2193 420 2276 quio
442 2193 493 2257 ius
516 2196 565 2257 est
588 2192 617 2256 is
640 2214 708 2257 non
731 2192 804 2280 cogi
827 2193 861 2257 in
884 2215 980 2259 scena
1001 2215 1121 2278 ponere
1143 2217 1214 2279 per·
1320 2245 1321 2282 Ξ

193 2319 321 2384 sonem,
344 2299 432 2383 quod
454 2299 570 2364 ceteris
591 2299 808 2364 histrionibus
830 2300 899 2384 poti
922 2321 1051 2365 necesse
1074 2300 1143 2366 est’
1320 2287 1321 2295 ἵ

235 2489 242 2501 .
265 2419 326 2474 Hoc
345 2419 418 2501 dixit
431 2419 559 2476 Verrius:
579 2423 674 2476 ectum
693 2437 754 2476 esse
772 2421 846 2476 hunc
864 2420 993 2476 fabulum
1012 2421 1048 2476 ab
1063 2421 1212 2492 Atellanis,

195 2491 681 2574 qu1propnedmcnturpersoneti.
711 2492 786 2546 Nem
799 2492 889 2546 multo
904 2495 971 2574 ente
985 2510 1071 2574 quem
1085 2493 1213 2576 comoedi

196 2565 225 2618 et
252 2562 383 2631 tragoedr
410 2578 537 2632 personis
565 2565 609 2618 ut1
632 2566 797 2634 coeperunt,
826 2561 953 2618 Atellam
977 2563 1031 2618 soh
1054 2580 1088 2618 eo
1111 2564 1213 2620 hcb1tu

195 2633 333 2758 tepebunt,
357 2636 458 2704 posteo
481 2636 578 2688 eutem
601 2634 655 2689 soli
679 2635 818 2704 deponere
842 2651 890 2688 ees
914 2651 946 2689 co
968 2633 1054 2689 inon
1071 2637 1212 2704 poterent.

196 2705 236 2761 Ο.
255 2705 321 2760 hrst.
340 2721 417 2774 poss.
437 2705 517 2760 Rom.
535 2705 563 2758 1¹
581 2711 633 2760 210
651 2706 695 2762 Fr.
715 2705 796 2760 Murx
815 2705 920 2774 encyel.
963 2705 1019 2760 aul.
1039 2704 1065 2759 1¹
1085 2709 1153 2760 1916

594 2853 816 2916 PROIDOTVS

268 2969 495 3026 homoeusio.
515 2970 674 3041 Expositos.
711 2970 751 3026 cf.
771 2971 867 3026 Plauti
886 2971 953 3027 Cist
970 2976 1030 3028 124.

695 3087 711 3145 I

200 3236 207 3250 .
231 3236 238 3249 .
263 3235 270 3249 .
292 3185 432 3271 populus
454 3187 591 3274 nititur,
613 3192 650 3253 tu
672 3187 777 3273 petiis
801 3238 808 3252 .
831 3239 839 3253 .

271 3305 421 3388 Diomedes
439 3327 466 3389 p.
480 3313 532 3363 395
546 3308 575 3364 P.
597 3307 676 3363 ‘item
694 3308 791 3378 patio
809 3308 935 3364 Naeuius
954 3308 984 3363 in
1003 3309 1145 3366 Proiecto:
1163 3328 1214 3382 po·
1317 3309 1318 3341 ³

199 3377 283 3448 pulus
301 3380 418 3448 pentum,
437 3378 539 3450 inquit,
558 3383 590 3434 tu
608 3398 635 3450 p.
649 3397 741 3436 moro
760 3380 829 3436 item
842 3379 968 3435 Naeuius
982 3379 1013 3435 in
1028 3381 1127 3436 eodem
1141 3382 1212 3455 [11].’

200 3449 249 3520 (in
266 3448 424 3518 prolecto
443 3451 564 3521 Monac.)

270 3555 365 3625 potins
384 3557 476 3614 Pon’e.
491 3557 519 3612 A
541 3573 598 3613 non
620 3557 717 3628 pecias
737 3558 803 3614 Pur.
818 3559 846 3613 B
868 3557 963 3628 potior
982 3559 1094 3616 Merme.
1118 3559 1214 3630 petias
1316 3595 1317 3654 l
