2674 3950
297 171 566 230 ANONYMORVM
584 172 764 233 MIMORVM
781 171 980 238 RELIQVIAE
1082 172 1149 236 383

569 395 700 454 XXVIII

126 480 242 566 strigio

201 600 291 656 Gloss.
307 601 379 655 ScaI.
398 600 429 654 in
448 600 544 655 CGIV
561 606 613 654 610
633 599 664 655 G.
686 599 811 670 ‘strigio,
834 598 980 654 mimarius
999 599 1147 654 scenicus'

126 672 172 726 An
197 671 282 726 strio
306 672 352 726 vel
375 671 490 741 istrio,
514 671 533 727 i.
553 688 576 728 e.
598 670 718 726 histrio?

561 875 711 934 XXV-Hp

194 993 299 1060 Varro
324 995 362 1061 da
385 995 406 1061 I.
424 996 444 1060 l.
464 994 512 1060 VI
536 995 576 1059 61
603 995 686 1059 ‘dico
715 1045 721 1058 .
746 1044 753 1058 .
777 1041 785 1058 .
810 1044 817 1057 .
844 992 920 1058 hinc
949 994 1147 1078 appellatum

128 1101 272 1164 dictum
301 1103 335 1166 in
362 1103 463 1166 mimo
492 1124 528 1166 ac
557 1099 765 1166 dictiosus'

586 1319 685 1378 XXIX

193 1437 398 1524 Augustinus
428 1440 465 1504 de
496 1441 555 1504 civ.
587 1439 638 1504 dei
667 1437 715 1502 VI
745 1437 763 1500 7
798 1437 972 1523 ‘numquid
1003 1437 1146 1523 Priapo

127 1544 246 1628 mimi,
273 1568 340 1611 non
365 1547 462 1611 etiam
486 1546 667 1611 sacerdotes
695 1545 864 1608 enormia
890 1544 1065 1629 pudenda
1093 1546 1146 1609 fe-

127 1651 284 1716 cerunt?
321 1675 362 1717 an
381 1654 475 1718 ah'ter
494 1656 559 1717 stat
580 1651 760 1716 adorandus
778 1651 812 1716 in
831 1651 911 1715 locis
929 1651 1028 1714 sacris
1048 1673 1145 1735 quam

125 1757 273 1840 procedit
296 1758 448 1824 ridendus
471 1760 506 1823 in
528 1757 704 1823 theatris?'
742 1755 789 1822 Of.
812 1755 899 1821 XIX.
937 1755 1057 1822 Seneca
1079 1761 1145 1824 nat.

126 1885 177 1948 qu.
200 1862 216 1928 I
242 1864 330 1949 16,1
357 1864 508 1930 ‘Hostius
531 1865 595 1928 fuit
618 1863 746 1942 Quadra
770 1863 979 1928 obscenitatis
1003 1865 1037 1927 in
1061 1886 1146 1928 scae-

29 2047 32 2052 ·
124 1993 199 2035 nam
222 1993 324 2056 usque
347 1972 534 2057 productae'
558 1995 583 2037 c.
604 1995 633 2056 q.
653 1994 675 2036 s.

196 2109 303 2164 Eadem
321 2109 379 2164 fere
400 2108 549 2178 ‘numquid
568 2109 642 2162 enim
660 2108 763 2178 Priapo
787 2107 867 2162 mimi
892 2125 924 2161 ac
947 2112 1062 2177 poetae,
1086 2125 1144 2162 non

125 2179 212 2232 ctiam
235 2181 405 2235 sacerdotes’
427 2197 450 2235 e.
466 2198 492 2248 q.
508 2198 529 2234 s.
566 2180 655 2234 habet
674 2179 811 2234 Boethius
835 2179 870 2233 de
894 2178 938 2233 dis
960 2182 989 2233 et
1011 2196 1144 2248 praesen-

125 2249 251 2303 sionibus
270 2250 300 2302 in
319 2251 416 2304 scholl.
432 2250 518 2306 Cicer.
539 2251 582 2306 ed.
598 2251 685 2305 Orelli
703 2252 730 2304 II
747 2269 774 2320 p.
791 2256 851 2317 392,
867 2256 909 2305 37.

594 2454 677 2510 XXX

193 2570 313 2636 Seneca
345 2573 436 2658 epist.
467 2571 544 2658 114,
572 2572 592 2635 6
627 2571 714 2656 ‘qui'
744 2570 939 2659 (Maecenas)
971 2572 1021 2636 ‘in
1054 2574 1143 2637 omni

124 2678 255 2761 publico
280 2683 373 2744 coetu
397 2681 443 2744 sic
467 2679 660 2764 adparuerit,
683 2684 721 2742 ut
743 2679 842 2763 pallio
863 2679 1026 2743 uelaretur
1045 2683 1143 2763 caput

29 2810 36 2858 ,·
124 2785 262 2849 exclusis
290 2787 454 2871 utrimque
478 2785 623 2870 auribus,
650 2807 716 2849 non
739 2786 834 2850 aliter
858 2807 955 2868 quam
982 2785 1017 2848 in
1040 2785 1141 2850 mimo

123 2891 288 2979 fugitiui
317 2893 455 2957 diuitis
482 2892 608 2958 solent?
648 2891 694 2956 cf.
718 2890 768 2956 ΙΙΙ
792 2895 824 2956 et
846 2890 902 2956 IV.

195 3030 320 3084 diuitis
339 3031 459 3100 Lipsius,
479 3032 538 3086 Buc
562 3031 692 3086 diuites
712 3032 860 3101 Bamberg.
881 3031 1001 3085 dautes
1021 3033 1140 3101 Argent.

123 3099 256 3154 milites
279 3103 421 3172 Hauptius
440 3103 533 3158 Herm.
549 3104 600 3159 VII
620 3109 679 3158 182.

581 3307 679 3366 XXXI

189 3423 323 3491 Ovidius
339 3427 422 3491 trist.
436 3425 468 3491 Π
485 3427 550 3491 497
566 3449 635 3511 sqq.
650 3426 740 3510 ‘quid
758 3426 786 3490 si
805 3426 1002 3511 scripsissem
1021 3425 1140 3490 mimos

121 3530 259 3598 obscena
272 3534 423 3618 iocantes,
434 3533 496 3610 Qui
510 3555 636 3618 semper
649 3533 718 3597 ficti
730 3534 851 3598 crimen
865 3533 983 3597 amoris
995 3532 1140 3596 habent?
