2670 3948
403 251 405 256 ,
509 191 696 248 CAECILIVS
716 191 847 246 STATIV
849 193 866 248 S
915 208 918 216 ·

332 385 676 450 HYPOBOLIMAHVS
705 386 1047 450 OHAHRHSTRATVS

126 515 161 564 85
180 498 266 564 Nam
289 499 353 564 ista
376 499 506 584 quidem
529 521 615 564 noxa
637 497 795 564 muliebre
816 501 867 563 est
887 500 992 586 magis
1011 501 1108 586 quam
1125 503 1200 568 uiri

250 619 350 676 Festus
369 638 396 690 p.
409 627 461 675 174
470 619 507 675 M.
528 621 632 675 ‘noxa
650 622 800 690 peccatum
814 622 865 674 aut
878 635 930 690 pro
943 623 1062 690 peccato
1075 635 1198 692 poenam

177 722 214 731 -
232 690 314 760 item,
333 708 398 746 oum
416 692 463 746 lex
480 691 561 746 iubet
578 707 670 746 noxae
688 691 800 760 dedere,
818 708 870 760 pro
887 695 1006 761 peccato
1025 693 1092 747 dedi
1108 693 1196 750 iubet.

177 761 317 816 Caecilius
339 761 376 816 ¹in
403 761 677 833 Hypobolimaeo
707 762 945 817 chaerestato:
973 765 1055 818 nam’
1085 781 1108 820 e.
1127 783 1154 834 q.
1174 783 1196 822 s,

178 833 435 912 (Chaerestrato
455 833 591 904 Scaliger)
954 857 957 863 ¹

248 940 338 996 istaec
359 941 513 998 &uocaus
597 939 736 994 muliebre
754 942 798 994 est
815 941 936 996 Botbiua
953 942 998 1011 (of.
1019 942 1076 998 Leo
1094 943 1139 998 Pl.
1160 945 1196 1001 F.

177 1013 241 1083 259)
263 1011 431 1067 muliebrem
456 1015 485 1068 et
512 1013 569 1066 cod.
597 1009 744 1082 muliebris
767 1013 812 1066 est
835 1012 954 1068 Vraioaa
980 1012 1140 1070 muliebrist
1158 1015 1196 1072 ’0.

177 1083 345 1152 Muellerus,
369 1084 445 1138 Bria
469 1085 507 1138 ad
532 1083 633 1137 Plauti
656 1084 712 1138 mal.
734 1087 785 1137 187
803 1082 946 1142 mulierist
970 1081 1126 1142 Grawatua

176 1154 302 1210 mulieris
320 1153 412 1224 magis
431 1170 517 1222 quam
536 1152 591 1207 uiri
610 1155 654 1207 est
672 1153 830 1210 Malateca
847 1155 925 1211 Meo.
941 1173 971 1226 p.
992 1161 1043 1210 1⁷2

380 1373 725 1436 arrouourussvs
758 1329 991 1435 aesculum

246 1491 286 1546 Cf.
305 1490 487 1546 Woelfflinus
506 1508 576 1546 mus.
597 1491 687 1546 Rhen.
706 1498 750 1561 43,
770 1497 831 1546 308.

674 1625 690 1684 I

175 1722 441 1796 Obsurduit'iam
464 1719 543 1790 haec
566 1725 601 1790 in
624 1748 696 1791 mea
718 1748 872 1808 aerumna
894 1726 1034 1792 miseria.

244 1845 354 1900 Nonius
380 1852 439 1916 147,
464 1853 480 1901 3
510 1846 723 1902 ‘obsorduit’
753 1848 950 1917 (obsurduit
983 1850 1037 1920 Ba,
1074 1819 1107 1904 in¹
1137 1868 1193 1920 quo

173 1916 278 1972 lemma
296 1917 388 1972 solum
406 1920 495 1988 extat)
516 1918 677 1974 ‘obsoleuit
706 1917 845 1974 Caecilius
864 1919 1040 1990 Hypouoli
1058 1921 1194 1977 Ristra-

173 1987 236 2044 ria:
252 1989 410 2044 obsorduit’
422 2007 506 2059 e.q.s.
518 1989 647 2062 (hypob
666 1989 839 2044 rastraria
853 1991 901 2044 HL
916 1991 1194 2062 Hypobolimaeo

173 2058 357 2115 Rastraria
376 2060 512 2131 Scaliger)
785 2103 787 2106 .

245 2165 392 2221 obsorduit
409 2187 444 2224 a:
463 2169 498 2236 cf.
517 2169 652 2236 adeost
725 2184 788 2222 mea
807 2168 999 2226 Fleckeiseaas
1016 2149 1103 2225 meu
1151 2187 1155 2194 ¹

435 2367 438 2372 .
572 2345 574 2348 ·
666 2315 698 2374 H

173 2414 212 2480 In
234 2416 328 2481 uoltu
352 2417 477 2502 eodem,
501 2417 535 2482 in
559 2416 670 2481 eadem
692 2421 818 2482 mantat
840 2417 973 2482 malitia.

244 2537 352 2592 Nonius
376 2511 440 2608 505,
461 2543 495 2592 23
521 2539 669 2592 ‘mantat
691 2555 742 2607 pro
765 2541 870 2594 manet.
907 2537 1046 2594 Caecilius
1069 2539 1211 2612 Hypob'
1246 2601 1252 2616 ,

172 2609 368 2699 Rastraria:
387 2609 418 2662 in
435 2609 528 2664 uoltu’
549 2625 572 2664 e.
592 2627 618 2678 q.
639 2627 660 2664 s.
762 2642 765 2647 -

659 2742 706 2802 HI

173 2843 243 2909 Hos
265 2842 454 2930 singulatim
477 2843 602 2928 sapere,
624 2865 683 2908 nos
706 2843 814 2908 minus
836 2843 987 2934 arbitror.

244 2964 353 3020 Nonius
378 2969 476 3033 1⁷6‚7
503 2963 726 3034 ‘singulatim
754 2969 784 3020 et
811 2964 991 3037 singillatim,
1020 2982 1037 3020 a
1061 2947 1190 3037 siugulis.

174 3035 312 3090 Caecilius
331 3035 506 3106 Hypoboli
524 3035 719 3092 Rastraria:
739 3037 802 3091 hos’
823 3053 846 3092 e.
866 3055 893 3106 q.
913 3055 933 3093 s.

243 3159 295 3196 nos
315 3160 336 3198 s.
356 3160 377 3196 s.
396 3159 454 3196 non
472 3142 592 3197 Botbias

657 3276 702 3335 IV

173 3373 299 3440 Rabere
324 3397 357 3440 se
381 3377 428 3440 ait

243 3495 352 3550 Nonius
371 3502 416 3567 40,
436 3503 451 3552 3
475 3498 615 3554 ‘tabere
638 3499 746 3566 dictum
768 3503 812 3556 est
834 3517 852 3555 a
873 3501 953 3556 rabie
973 3545 979 3556 .
1000 3545 1005 3556 .
1026 3545 1031 3556 .
1051 3501 1190 3562 Caecllius

171 3567 443 3638 Hypobolimaeo
462 3570 666 3628 Rastrabia:
684 3590 706 3627 r.
721 3589 742 3628 s.
758 3574 795 3629 a.’
816 3572 1038 3645 (hipolimaeo
1057 3576 1191 3628 rastra-
