2696 3946
182 213 245 278 138
354 213 404 267 EX
421 211 589 267 munuum
607 209 850 266 INGERTORVM
868 209 1020 264 FABVLIS

178 375 255 441 Trlri
278 375 414 462 ferebat3
437 379 510 440 oum
531 361 707 440 simulabat
730 375 764 438 se
786 372 850 438 sibi
873 371 1021 437 alacriter
1044 371 1132 458 darc,

179 483 263 548 Tum
286 481 327 546 ad
349 487 381 547 te
403 481 581 548 ludibunda
605 480 697 546 doute
721 483 753 544 et
777 476 911 544 delicate
935 474 1059 543 detulit.

252 604 347 660 Cicero
376 605 410 658 de
436 606 505 659 orat.
525 603 564 657 ΠΙ
582 608 629 670 58,
649 607 700 656 219
726 600 816 654 ‘aliud
843 600 989 670 uoluptas:
1017 599 1138 654 effusum
1165 602 1196 654 et

179 679 316 743 tenerum,
334 675 489 730 hilaratum
507 691 541 728 ao
559 672 718 728 remissum:
734 673 797 738 'sed
816 671 900 726 sibi'
921 687 943 726 e.
961 689 987 739 q.
1008 689 1029 728 s.
1062 671 1142 724 Num
1161 687 1196 725 ex

179 746 283 802 Naevii
301 746 476 802 Tarentilla?
1146 779 1148 784 -

252 859 266 907 1
287 851 343 907 sibi
361 853 482 923 M(utclc)
500 849 571 904 mihi
589 849 703 920 Macci.)
777 848 939 903 colicandas
958 847 996 902 M
1012 845 1193 903 collocandas
1259 897 1261 902 ,

179 925 207 979 L
225 923 398 994 coiugandas
417 941 437 978 cc
458 923 493 990 cf.
512 923 603 978 coroll.
622 921 670 974 XL
743 925 759 974 2
779 936 808 974 sc
827 917 882 974 sibi
901 919 939 974 M
956 935 1016 974 sese
1035 918 1062 974 L
1134 916 1194 972 ala-

179 995 264 1050 criter
281 997 380 1066 scripsi
403 992 491 1048 alacri
510 993 572 1047 Pal.
597 990 671 1046 aiaoi
690 991 726 1046 M
748 991 861 1046 adalaoi
882 991 968 1047 occo.
991 989 1133 1045 amaranti
1152 991 1193 1050 ccl

179 1065 238 1120 iam
256 1065 326 1120 facis
341 1071 453 1135 praeter
469 1065 530 1119 alic
546 1064 692 1134 κωμικὴ
715 1079 732 1118 a
750 1061 829 1116 iactu
847 1063 910 1118 Rue
959 1097 961 1102 ,
1034 1063 1144 1128 titum,
1163 1068 1196 1116 at

179 1137 371 1264 lmlil'bErl'
393 1138 408 1192 b
427 1147 531 1204 cumo
618 1151 636 1188 a
653 1136 682 1188 te
700 1133 730 1204 (t.
749 1152 770 1190 c.
791 1135 822 1188 at
839 1135 879 1204 te)
898 1133 1011 1190 Atrine.
1031 1132 1094 1189 Eri.
1114 1131 1193 1188 Lcict.

193 1225 208 1262 e
275 1225 315 1263 c.
417 1249 418 1252 η

644 1299 728 1360 XXV

125 1423 159 1472 35
179 1385 327 1470 'Exiliuit
351 1404 443 1489 quasi
470 1403 616 1488 petulcus
644 1401 789 1488 quidam,
816 1399 951 1488 pedibus
979 1391 1193 1466 conuibrauit.

250 1525 349 1579 Festus
371 1542 398 1594 p.
419 1529 472 1578 206
491 1524 528 1580 M.
553 1523 724 1593 ‘petulantes
749 1525 778 1577 et
800 1521 988 1592 petulci-
1007 1555 1042 1564 —
1060 1522 1194 1578 Afranius

178 1597 209 1650 iu
231 1596 283 1650 Ida
305 1627 339 1636 -
362 1594 505 1650 interdum
526 1611 577 1664 pro
600 1594 697 1648 ueloce
720 1594 765 1648 usi
788 1593 922 1648 uidentur
947 1593 1070 1664 antiqui,
1089 1595 1121 1648 ut
1139 1593 1194 1648 hoc

180 1683 262 1721 uersu
281 1665 411 1736 intellegi
429 1668 536 1736 potest:
555 1664 713 1720 exiliuit'
734 1681 757 1719 e.
777 1683 804 1734 q.
824 1681 845 1720 s.

251 1772 362 1828 exiliuit
378 1771 488 1829 Aldc'cc
506 1770 606 1827 exiluit
622 1770 680 1828 cod.

636 1937 735 1998 XXVI

178 2040 277 2128 Agite
300 2041 402 2126 <ite>l
422 2041 504 2126 quid
526 2040 683 2106 dubitetis
706 2039 838 2105 hilareis
861 2039 936 2104 dire
959 2039 1097 2106 choros?

249 2163 426 2217 Pseudoacro
453 2161 483 2215 in
510 2160 622 2216 Horatii
649 2161 730 2230 epod.
751 2167 775 2229 1,
796 2167 810 2216 1
832 2161 1013 2216 ‘comicus'
1044 2161 1192 2232 (trimeter)

180 2232 254 2302 ‘erit
273 2233 322 2301 qui
339 2233 500 2302 frequentes
518 2231 676 2287 tribrachos
695 2232 791 2302 habet,
811 2234 856 2288 ut:
875 2249 893 2286 a
922 2231 987 2286 ite’
1006 2247 1031 2288 e.
1046 2247 1072 2301 q.
1088 2249 1109 2287 s.
1131 2233 1193 2288 ‘Sa-

177 2303 284 2372 tyrious
298 2303 408 2358 medius
422 2307 466 2360 ut:
481 2303 579 2358 Musae
592 2304 689 2358 Iouem
701 2301 818 2357 laudate
833 2305 862 2358 et
875 2249 979 2358 hilares
994 2303 1061 2358 date
1071 2304 1191 2359 choros)

178 2375 285 2428 Eadem
307 2374 365 2429 iere
388 2377 592 2430 commentator
616 2373 743 2442 cruquii:
772 2373 931 2444 exemplum
953 2373 1083 2430 omittere
1103 2375 1191 2444 nolui,
1264 2433 1266 2436 ,

177 2463 349 2515 quamquam
367 2445 452 2541 iacil'e
470 2448 565 2516 potest
582 2445 613 2499 in
631 2445 745 2500 scholae
759 2463 846 2518 *usum
864 2445 1014 2500 confictum
1031 2445 1131 2502 videri.

626 2613 741 2673 XXVII

177 2715 281 2780 Tanta
304 2714 429 2779 laetitia
452 2717 565 2780 auctus
588 2737 673 2800 sum,
695 2719 733 2780 ut
755 2715 803 2780 nil
826 2715 951 2780 constet
975 2765 981 2780 .
1006 2767 1012 2780 .
1098 2765 1106 2780 .

231 2835 327 2891 Cicero
343 2837 377 2891 de
391 2836 556 2906 fin.114‚14
577 2836 671 2890 ‘modo
689 2835 840 2906 intellegas
858 2835 933 2890 inter
950 2835 1032 2889 illum
1048 2833 1099 2903 qui
1113 2834 1192 2890 dicat

176 2909 292 2962 tanta’
313 2923 335 2962 e.
356 2925 382 2976 q.
402 2925 424 2964 s.
462 2908 504 2962 ‘et
521 2923 586 2961 eum
604 2906 666 2975 qui:
691 2923 779 2961 nunc
803 2907 933 2962 demum
955 2905 1039 2960 mihi
1057 2905 1191 2960 animus

177 2979 292 3034 ardet'
313 2977 425 3049 (Caecil.
445 2981 521 3048 230),
542 2979 671 3046 ‘quorum
690 2977 762 3032 alter
778 2977 893 3032 laetitia
910 2977 1029 3048 gestiat,
1049 2977 1123 3032 alter
1142 2977 1192 3032 do·

177 3050 236 3104 lore
260 3049 410 3119 crucietur,
439 3065 500 3104 esse
527 3048 610 3104 illum
630 3049 756 3106 medium
775 3092 780 3104 .
797 3091 824 3103 ..
845 3048 894 3118 qui
916 3065 969 3103 uec
991 3048 1114 3103 laetetur
1138 3065 1191 3102 nee

177 3121 319 3191 angatur!
356 3119 462 3174 Eadem
483 3120 508 3174 si
525 3123 682 3190 tanguntur
699 3120 729 3174 in
747 3120 828 3175 Tusa.
849 3119 919 3190 disp.
939 3119 979 3174 IV
993 3125 1035 3188 lt,
1051 3125 1084 3174 35
1106 3120 1190 3188 ‘quae

177 3191 202 3245 si
220 3191 333 3260 quando
353 3191 458 3261 adepta
476 3191 532 3246 erit
549 3191 579 3245 id
594 3192 670 3260 quod
683 3191 711 3246 ei
723 3190 810 3245 fuerit
822 3190 1012 3260 concupitum,
1027 3193 1089 3246 tum
1102 3190 1192 3245 fertur

175 3262 328 3404 (allofrllalle)
349 3265 381 3322 ut
407 3262 498 3316 nihil
526 3262 557 3317 ei
585 3265 721 3318 constet
748 3262 824 3330 quod
852 3263 942 3332 agat’‚
970 3261 1096 3316 Trabene
1124 3264 1191 3317 sunt

187 3350 221 3388 c.
268 3376 273 3386 .
331 3376 336 3388 .

247 3438 366 3494 Exitum
382 3441 497 3508 fatuare
519 3455 571 3494 nec
590 3439 659 3508 quid
678 3457 761 3510 agam
785 3439 872 3495 sciam
895 3457 929 3496 ecc
948 3439 1086 3497 Ciceronis
1102 3442 1191 3496 vebis

175 3511 300 3578 accolere
318 3511 388 3566 licet.
424 3512 566 3582 latrorum
588 3513 729 3566 senariam
751 3512 840 3568 elicies
864 3513 1079 3581 transponendo:
1106 3512 1190 3566 tanta

176 3597 238 3634 sum
256 3579 368 3634 laetitia
387 3582 495 3650 auctus,
514 3584 546 3636 ut
565 3584 675 3637 constet
692 3581 765 3636 nihil
