2674 3950
301 263 568 318 ANONYMORVM
587 261 767 316 MIMORVM
785 260 983 327 RELIQVIAE
1084 260 1149 325 379

131 427 212 492 dixi
244 431 303 492 ter
330 415 468 491 Tullus
499 426 663 491 dieitur?
711 424 841 509 Stupidi
870 423 984 489 Graeci
1012 446 1137 488 comme

130 537 299 600 morantur
322 534 356 598 in
381 532 459 598 CIL
477 531 525 598 VI
546 532 632 597 1063
650 555 697 616 sq.

202 673 305 728 Mimus
324 673 444 727 fortasse
463 671 600 726 Marullus
619 671 682 741 fuit,
702 670 782 725 cuius
800 669 866 724 vide
884 669 917 724 fr.
932 670 966 724 Π.

203 798 332 853 Fortasse
355 799 445 853 esitus
466 813 559 852 uersos
580 797 625 851 bio
647 797 718 864 soit:
742 794 801 849 iam
819 794 874 848 tibi
893 794 952 848 dei
970 797 1026 863 ter,
1050 794 1149 849 Tullus

130 868 198 938 fuit3
221 888 288 954 auos
309 886 394 940 oeque
417 871 462 924 ter
480 867 579 921 Tullus
602 886 686 938 aeque
706 866 765 920 dixi
787 869 832 921 ter
849 869 1007 936 separando
1029 869 1151 922 hameris

131 958 185 996 esse
203 949 296 997 seatio.

610 1091 669 1148 XII

130 1201 240 1285 (Vos)
262 1200 327 1264 uili
350 1199 451 1264 uultis
475 1202 579 1264 emere
603 1203 635 1264 et
658 1221 732 1264 earo
756 1199 902 1263 ue‘ndere.

201 1339 377 1420 Augustinus
401 1338 436 1392 de
459 1337 548 1393 trinit.
568 1339 632 1393 XIII
653 1345 669 1392 3
699 1338 789 1392 ‘unde
816 1337 868 1392 illa
895 1337 1043 1391 cuiusdam
1069 1338 1150 1392 mimi

130 1410 305 1464 facetissima
326 1409 508 1480 praedicatur
526 1409 687 1478 urbanitas,
711 1409 761 1477 qui
784 1427 847 1462 eum
868 1425 898 1462 se
921 1409 1097 1478 promisisset
1119 1409 1150 1462 in

131 1483 244 1536 theatro
267 1481 335 1550 quid
359 1481 390 1534 in
414 1480 507 1535 animo
531 1481 670 1535 haberent
693 1483 722 1534 et
745 1479 815 1549 quid
837 1480 945 1534 uellent
968 1497 1064 1534 omnes
1085 1481 1149 1535 aliis

131 1552 206 1606 ludis
231 1569 291 1606 esse
315 1551 469 1620 dicturum,
493 1555 579 1620 atque
603 1551 738 1612 addiem
762 1550 948 1605 constitutam
969 1551 1080 1621 ingenti
1103 1569 1149 1606 ex-

131 1623 293 1694 pectatione
311 1623 403 1676 maior
422 1623 576 1676 multitudo
596 1623 760 1690 conflueret,
785 1621 928 1692 suspensis
947 1625 976 1676 et
999 1622 1149 1678 silentibus

132 1694 261 1750 omnibus
290 1693 394 1748 dixisse
423 1695 598 1764 perhibetur:
631 1693 698 1746 uili
728 1693 838 1748 uultis
866 1710 975 1748 emere
1004 1697 1038 1748 et
1070 1711 1148 1750 earo

131 1767 288 1820 uendere.
325 1766 358 1818 In
377 1783 432 1833 quo
452 1765 528 1820 dieto
550 1765 687 1820 leuissimi
712 1764 834 1819 scaenici
853 1781 949 1819 omnes
968 1767 1065 1819 tamen
1084 1783 1150 1820 eon-

131 1837 265 1892 seientias
292 1836 462 1891 inuenerunt
489 1854 566 1906 suas,
596 1836 678 1905 eique
706 1853 774 1890 uera
805 1839 871 1890 ante
900 1836 995 1891 oeulos
1024 1837 1150 1892 omnium

131 1909 286 1964 constituta
306 1911 335 1962 et
354 1911 451 1963 tamen
472 1907 617 1978 inprouisa
637 1907 744 1962 dicenti
763 1907 926 1962 admirabili
948 1908 1046 1962 fauore
1069 1909 1149 1978 plau·

131 1981 247 2035 serunt)

597 2128 685 2206 [XIII

199 2238 302 2303 Iulius
328 2237 530 2323 Capitolinus
554 2241 591 2304 de
615 2239 802 2304 Maximinis
826 2240 951 2304 duobus
975 2262 1000 2304 o.
1020 2241 1040 2304 9
1065 2240 1150 2305 ‘eum

132 2345 350 2410 immortalem
377 2367 411 2409 se
438 2367 538 2430 prope
562 2345 705 2410 erederet
733 2345 774 2410 ob
802 2347 1059 2433 magnitudinem
1083 2369 1151 2412 eor-

132 2453 221 2536 poris
243 2450 453 2537 uirtutisque‚
477 2453 597 2516 mimus
620 2453 752 2536 quidam
774 2453 809 2516 in
831 2452 959 2518 theatro
982 2458 1151 2538 praesente

101 2559 103 2564 ’
133 2559 190 2622 1110
223 2558 342 2623 dieitur
374 2579 509 2622 uersus
543 2556 708 2622 Graecos
738 2559 870 2643 dixisse,
904 2582 1042 2644 quorum
1072 2559 1151 2624 haee

133 2669 203 2729 erat
230 2664 347 2729 Latina
374 2664 547 2728 sententia:
576 2667 613 2728 et
643 2665 708 2748 qui
738 2664 783 2729 ab
813 2687 887 2730 uno
917 2687 991 2730 non
1021 2670 1152 2749 potest

134 2771 275 2856 occidi,
308 2793 327 2834 a
357 2771 492 2834 multis
525 2771 726 2864 oeoiditur.
777 2771 960 2855 elephans
992 2773 1151 2858 grandis

134 2882 192 2941 est
225 2880 261 2942 et
296 2877 503 2963 occiditur,
538 2878 597 2942 leo
630 2877 748 2941 fortis
780 2881 838 2942 est
871 2881 908 2942 et
945 2879 1151 2964 occiditur,

134 2984 251 3070 tigris
278 2985 395 3048 fortis
424 2987 482 3048 est
511 2988 547 3048 et
575 2984 781 3050 occiditur:
812 3006 903 3048 eaue
930 2985 1089 3070 multos,
1117 2986 1150 3049 si

133 3091 310 3177 singulos
350 3113 426 3155 non
467 3093 588 3156 times.
649 3095 681 3155 et
724 3091 803 3155 haee
844 3091 1038 3176 imperatore
1079 3093 1150 3176 ipso

133 3201 299 3282 praesente
345 3198 410 3262 iam
451 3199 536 3262 diota
576 3201 660 3263 sunt.
720 3199 776 3262 sed
819 3219 892 3262 oum
935 3198 1152 3284 interrogaret

134 3304 269 3389 amieos,
309 3304 387 3388 quid
423 3305 572 3370 mimicus
608 3327 718 3370 scurra
755 3305 902 3389 dixisset,
944 3304 1066 3369 dietum
1103 3309 1151 3371 est

134 3412 164 3473 ei
206 3410 293 3495 quod
332 3411 483 3496 antiquos
522 3433 636 3476 uersus
672 3415 817 3475 cantaret
853 3414 966 3475 eontra
1003 3411 1152 3476 homines

135 3539 264 3600 asperos
292 3517 443 3604 scriptos3
471 3522 503 3583 et
530 3519 598 3603 ille,
626 3522 663 3581 ut
692 3521 760 3581 erat
787 3517 896 3582 Thrax
924 3521 956 3582 et
983 3517 1152 3604 barbarus,

135 3623 305 3708 eredidit']
