2694 3952
193 248 256 314 190
516 249 546 304 Τ.
567 247 762 315 ovmomvs
780 245 879 301 ΑΤΤΑ

569 415 829 478 LVOVBRATIO

190 535 272 602 Cum
295 537 402 622 primo
425 537 490 600 luci
513 535 610 601 hodic
633 541 671 601 ut
694 535 927 620 exornabant,

188 641 297 728 Atque
321 643 506 728 auspicatis:
530 645 601 708 oras
625 646 674 708 cst
697 641 877 708 communis
900 641 976 706 dies.

260 764 369 818 Nonius
379 769 441 834 468,
452 771 485 819 23
502 763 700 834 ‘auspicaui
717 781 768 834 pro
789 763 952 834 auspicatus
971 779 1033 818 sum
1052 808 1058 819 .
1075 807 1081 820 .
1098 809 1103 819 .
1118 765 1208 819 Acta

187 835 410 892 Lucubratione:
438 853 502 890 cnm
519 836 622 905 primo'
643 852 666 891 e.
686 854 712 904 q.
733 853 753 890 s.
790 835 870 889 Dies
897 835 1083 890 communis
1111 835 1205 906 qualis

188 907 228 962 sit
244 907 406 962 Macrobius
426 907 508 962 docet
527 907 585 962 Sat.
604 907 617 960 I
637 913 678 976 16,
698 913 722 962 3.
873 928 874 931 ¹

260 1019 273 1068 1
294 1014 372 1068 lueid
390 1018 553 1086 scripseram
637 1013 755 1068 hocedie
774 1013 910 1086 Berplrics
928 1015 1002 1082 oiim,
1019 1015 1066 1069 sed
1083 1015 1156 1069 idem
1172 1015 1206 1068 in

187 1087 270 1157 symb.
290 1087 313 1140 I
331 1103 360 1156 p.
382 1091 432 1140 147
451 1085 524 1141 nibai
540 1087 704 1141 mutantium
723 1092 816 1141 censet.
845 1084 898 1138 illa
919 1084 1005 1139 hodie
1028 1086 1093 1140 olim
1115 1087 1204 1140 coram·

187 1175 277 1213 ceram
349 1163 364 1210 2
384 1159 470 1226 atque
489 1160 522 1211 ut
540 1155 693 1226 suspicetis
712 1178 743 1226 ω,
762 1159 861 1227 quibus
878 1158 993 1212 cavatis
1010 1157 1103 1212 martiii
1119 1163 1205 1226 septe·

186 1229 344 1296 auritteret
353 1229 768 1299 qualesotimpraeterseaore'os
782 1229 920 1298 proposui.
939 1229 1027 1296 utque
1042 1244 1067 1282 a.
1082 1227 1208 1299 Scaiiprr

556 1377 832 1438 MATERTERAE

257 1485 359 1539 Vtrum
376 1485 561 1539 Mnrnnmmn
581 1502 618 1540 an
636 1487 805 1540 Mummi
822 1501 925 1540 nomen
947 1485 1034 1540 fuerit
1056 1485 1203 1542 incertum.
1221 1548 1232 1557 Ι

276 1611 398 1688 Oomm.
415 1611 510 1698 Oruq.
525 1613 565 1678 ad
578 1613 709 1678 Horatii
724 1613 815 1698 epist.
830 1611 864 1676 ΙΙ
880 1613 908 1698 1,
923 1613 979 1677 80:
1003 1617 1088 1678 recte
1102 1635 1203 1678 necne

185 1739 313 1782 crocum
336 1720 496 1804 floresque
518 1720 722 1805 perambulet
744 1720 842 1784 Attae
870 1718 1007 1804 Fabula]
1040 1719 1133 1804 ‘quae
1156 1720 1204 1784 in-

185 1825 339 1889 scribitur
374 1825 549 1892 Matertera
585 1831 671 1892 recte
707 1847 807 1891 necne
839 1825 1041 1910 perambulet
1073 1848 1203 1892 crocum

184 1931 357 2018 floresque,
386 1931 421 1997 id
444 1937 492 1997 est
515 1931 549 1998 in
573 1953 702 1998 scenam
725 1937 854 2018 recepta
878 1933 934 2019 sit,
963 1955 1044 2018 quae
1067 1933 1203 2000 floribus

184 2042 217 2102 et
240 2059 333 2104 croco
357 2040 542 2126 spargitur?

254 2141 375 2196 Futtilia
388 2143 568 2213 protulerunt
580 2142 736 2213 Porphyris
753 2143 834 2197 ‘Atta
846 2145 1009 2213 togatarum
1020 2143 1139 2214 scriptor
1149 2146 1201 2214 est,

184 2212 233 2281 qui
251 2212 281 2266 in
299 2213 399 2269 fabula
418 2231 491 2282 quae
510 2214 674 2268 inscribitur
693 2215 904 2268 Materterae
922 2213 964 2268 ita
982 2213 1082 2269 florum
1116 2229 1203 2270 encra

184 2287 337 2353 enumerat,
356 2289 390 2340 nt
408 2285 468 2340 sine
488 2285 574 2340 dubio
593 2286 838 2356 reprehendendus
858 2285 896 2338 sit
915 2285 951 2338 ob
969 2285 1087 2340 nimiam
1095 2233 1200 2355 icqua-

184 2355 311 2410 citatem'
328 2359 357 2410 et
370 2357 547 2411 Pseudoacro
564 2357 622 2411 ‘uei
636 2355 703 2425 quia
718 2357 854 2412 estAttae
865 2356 971 2426 fabula,
986 2374 1060 2426 quae
1075 2357 1199 2412 Mater-

183 2429 259 2480 tera
282 2426 454 2498 inscribitur,
478 2427 509 2481 in
527 2445 583 2496 qua
602 2428 683 2482 flores
703 2429 868 2482 enumerat!
907 2427 1071 2498 Disputavit
1090 2429 1125 2482 de
1143 2429 1200 2483 Ho-

183 2497 251 2552 ratii
269 2497 332 2553 loco
352 2497 383 2553 0.
403 2498 517 2553 Orosius
535 2515 605 2555 mus.
625 2499 713 2554 Rhen.
733 2505 777 2568 47,
797 2505 830 2554 68
851 2515 909 2568 sqq.

562 2649 826 2710 macenariam

130 2775 164 2823 10
182 2754 307 2844 Nempe
331 2759 480 2844 <ederae
503 2761 592 2825 sinus
616 2761 701 2845 apud
723 2781 881 2846 mensam,
909 2759 967 2824 ubi
990 2760 1095 2825 sermo
1118 2759 1201 2826 solet

184 2863 332 2931 Suboriri
355 2866 535 2932 seditiosus

252 2971 342 3039 Asper
360 2969 391 3022 in
410 2969 497 3024 schol.
511 2970 614 3024 Veron.
629 2970 667 3024 ad
680 2971 764 3040 Verg.
780 2969 830 3024 ecl.
848 2975 871 3038 7,
887 2975 921 3024 32
942 2969 1046 3024 ‘sinum
1065 2985 1132 3041 ergo
1147 2987 1199 3025 uas

181 3040 319 3164 patulum,
339 3043 412 3112 qaod
430 3049 455 3096 et
473 3043 622 3096 masculine
642 3041 737 3095 sinus
756 3041 921 3110 uocitatum,
936 3041 982 3095 hic
997 3044 1091 3096 autem
1106 3041 1200 3123 sinum

193 3114 264 3165 actis
287 3129 338 3166 uas
363 3112 560 3180 quodcumque
583 3111 658 3166 lacte
682 3115 822 3167 onustum.
859 3111 949 3167 Varro
970 3157 975 3167 .
993 3157 997 3167 .
1014 3157 1019 3168 .
1037 3157 1042 3168 .
1061 3114 1132 3168 Atta
1167 3131 1199 3166 m

181 3182 392 3252 Megalensibus
411 3199 512 3252 nempe
532 3215 565 3224 -
585 3183 662 3236 sinus
682 3183 758 3254 apud
776 3184 914 3254 mensam]
933 3183 994 3237 ubi'
1015 3200 1038 3238 e.
1054 3202 1079 3252 q.
1096 3202 1116 3238 s.
1139 3113 1196 3239 bin-

182 3253 222 3306 cis
240 3253 350 3308 inclusa
368 3269 420 3308 nec
439 3253 548 3308 Keiiius
566 3269 618 3308 nec
637 3255 829 3308 Herrmannus
845 3254 940 3324 legere
953 3254 1054 3323 potuit.
1084 3254 1198 3309 Servius

180 3324 320 3379 Lemovic.
330 3325 361 3378 in
375 3324 393 3379 l.
404 3324 422 3378 l.
440 3324 551 3379 ‘sinus
566 3342 654 3396 genus
670 3329 713 3380 est
727 3326 803 3380 uasis
827 3325 903 3394 quod
917 3343 981 3378 oum
995 3325 1185 3396 significamus

180 3394 413 3520 iripmducmiret
426 3413 489 3478 cum
499 3396 731 3522 piemlgreiiium
749 3371 952 3494 sigriifipamus‚
973 3395 1002 3450 si
1020 3370 1194 3467 corripimuss

208 3483 269 3520 arro
414 3483 481 3522 am
530 3484 656 3538 egaensr
676 3487 722 3524 use
741 3483 841 3538 nempe
873 3483 896 3522 e.
916 3484 942 3536 q.
963 3485 983 3522 s.

253 3560 267 3606 1
286 3571 386 3624 nempe
407 3599 412 3610 .
430 3599 434 3610 .
452 3597 458 3610 .
479 3555 555 3610 sinus
580 3558 656 3626 apud
678 3574 806 3612 mensam
828 3557 908 3612 schol.
929 3555 1039 3612 Veron:
1064 3555 1196 3628 supplevi.

179 3641 280 3694 nempe
299 3625 337 3679 ad
355 3642 482 3680 mensam
500 3627 611 3684 Servius
684 3646 773 3683 sermo
793 3628 827 3682 de
847 3627 909 3680 sinu
929 3627 1001 3681 solet
1019 3627 1131 3684 Servius
