2694 3952
538 209 569 264 L.
586 205 769 261 AFRANIVS

617 377 691 435 XIII

148 478 221 543 Mea
244 479 368 562 mitrix,
391 500 487 564 surge
510 477 541 542 si
561 477 626 563 uis,
649 479 758 562 profer
779 483 970 563 piirpuram:

146 585 369 650 Praeelauium
393 587 620 650 contextumst.
1166 602 1217 650 180

218 706 326 760 Nonius
351 713 399 776 64,
419 711 452 760 25
481 706 745 775 ‘praeelauium
773 723 838 776 pars
867 706 969 775 uestis,
997 723 1070 774 quae
1097 709 1163 760 ante

148 777 260 831 clauum
285 777 397 832 texitur.
439 777 573 831 Afranius
597 778 696 832 Omine
720 778 807 850 [VIII]
836 777 912 831 idem
934 777 1054 832 Fratris:
1082 779 1161 832 mea’

150 865 173 902 e.
189 867 215 918 q.
231 867 251 903 s.

219 961 234 1008 2
255 957 445 1010 contextumst
462 958 562 1026 tempsi
580 958 727 1010 contextus
745 967 768 1025 ψ
788 957 951 1010 contextum
971 955 1061 1010 F³H1

620 1106 692 1164 XIV

148 1204 296 1270 Dimittit
319 1206 537 1291 adsestrr'eem,
560 1229 611 1270 me
635 1207 675 1269 ad
697 1207 765 1270 sese'
789 1210 891 1270 uocat.

219 1326 328 1381 Nonius
345 1333 386 1396 73,
402 1333 435 1380 29
457 1327 642 1381 ‘adsestrix
660 1327 826 1380 femininum
845 1329 889 1381 est
908 1329 944 1382 ab
964 1345 1005 1396 eo,
1026 1330 1102 1396 quod
1121 1331 1164 1382 ert

149 1414 280 1452 assessor.
318 1398 450 1452 Afranius
469 1399 588 1454 Fratris:
609 1397 738 1452 dimittit’
760 1415 783 1453 e.
799 1416 824 1466 q.
841 1416 861 1452 s.

221 1521 250 1558 se
269 1505 315 1558 Η1
333 1521 393 1558 esse
413 1505 462 1559 W¹

627 1584 683 1642 XV

150 1735 157 1749 .
181 1684 328 1768 equidem
355 1685 512 1768 prandere
537 1688 675 1749 stantem
698 1685 867 1750 n6biseum
891 1686 1064 1751 incinctam
1086 1690 1164 1772 toga

220 1805 331 1859 Nonius
350 1811 410 1874 540,
426 1812 459 1860 32
481 1807 577 1876 ‘toga
595 1824 653 1860 non
671 1806 762 1860 solum
780 1807 847 1876 uiri,
868 1809 918 1862 sed
937 1807 1024 1862 etiam
1041 1806 1164 1862 feminae

151 1877 312 2002 isiitiecbhanqtgigr.
359 1877 492 1930 Afranius
519 1877 637 1934 Fratris:
667 1877 813 1946 equidem⁷
843 1895 866 1935 e.
891 1897 917 1948 q.
942 1897 963 1934 s,
1002 1878 1042 1934 Of.
1068 1878 1164 1933 Plauti

150 2128 163 2179 t
221 2054 383 2123 etquidem
402 2055 429 2108 P
446 2072 475 2108 se
494 2055 608 2123 quidem
626 2073 646 2110 a
708 2055 896 2110 1111111111Η1
960 2049 1028 2126 toga
1046 2059 1165 2112 Bottiaia

164 2143 248 2196 ogam
266 2147 287 2179 ω

148 2313 293 2379 'Interim
312 2315 495 2379 merendam
513 2337 658 2380 occurro:
678 2317 718 2380 ad
736 2319 847 2381 ee'nam
864 2339 938 2381 eum
956 2317 1045 2403 ueni,
1064 2319 1163 2382 iuuat.

220 2435 329 2490 Nonius
348 2442 421 2504 29‚1
444 2437 615 2490 ‘merenda
634 2437 737 2491 dieitur
755 2437 843 2508 cibus,
866 2441 932 2507 post
950 2438 1096 2492 meridiem
1115 2438 1164 2506 qui

151 2507 242 2562 datur.
279 2506 412 2560 Afranius
430 2507 550 2564 Fratris:
570 2507 693 2562 interim’
715 2526 737 2564 e.
753 2528 779 2578 q.
795 2529 816 2565 s.

222 2614 258 2666 ad
284 2614 445 2668 merendam
470 2632 490 2668 a
517 2613 547 2666 in
569 2633 606 2668 m.
630 2616 692 2668 Bae
782 2633 896 2669 accurro
919 2617 1035 2685 Lipsius
1063 2632 1163 2668 aecuro

150 2687 310 2754 scripseram
329 2687 373 2756 (cf.
389 2687 479 2741 coroll.
494 2685 577 2755 LXX)
650 2686 687 2738 ad
706 2703 804 2740 cenam
822 2705 872 2742 om.
889 2687 961 2741 F¹L

615 2845 702 2904 XVII

152 2995 159 3010 .
184 2995 190 3008 .
216 2997 221 3009 .
245 2945 338 3009 facile
362 2945 548 3010 manducari
572 2945 630 3030 qui
650 2951 766 3030 potest.

222 3065 330 3120 Nonius
347 3072 409 3135 477,
425 3073 457 3120 12
474 3068 711 3122 ‘manducatur
728 3085 778 3137 pro
797 3068 951 3122 manducat
1031 3067 1164 3121 Afranius

151 3136 271 3192 Fratris:
292 3137 376 3192 facile
395 3157 430 3192 m.
446 3154 472 3205 q.
487 3139 525 3207 p.’

222 3245 271 3299 Ea
285 3244 380 3298 fratris
394 3247 474 3300 titulo
492 3247 554 3299 elici
567 3263 646 3314 posse
660 3249 731 3318 qaod
749 3249 787 3302 ad
804 3248 986 3316 supplendam
1002 3247 1165 3302 versiculum

151 3319 216 3371 aaut
232 3323 277 3385 sit,
296 3319 369 3372 vetat
386 3333 473 3385 panes
491 3315 552 3386 tris,
570 3320 635 3372 scite
653 3321 759 3374 monuit
777 3320 839 3372 Bae

605 3469 707 3527 XVIII

152 3619 283 3634 .....
308 3571 326 3634 ό
350 3591 476 3633 sacrum
499 3591 641 3634 scurram
665 3572 697 3633 e‘t
720 3571 854 3634 malum!
