2694 3952
584 235 614 290 L.
633 232 817 290 AFRANIVS

677 403 724 462 HI

674 505 756 569 alius
780 506 829 568 est
850 501 962 588 Amor,

191 591 286 659 Alius
312 592 444 678 Cupido,

264 714 377 770 Servius
396 715 467 770 Dan.
487 715 517 768 in
535 715 604 769 Aen.
623 715 663 769 IV
678 721 730 768 194
760 714 1002 785 ‘(cupidinem)
1029 717 1138 769 ueteres
1165 715 1209 768 in-

192 787 370 841 moderatum
389 803 513 840 amorem
532 787 673 840 dicebant.
694 785 827 839 Afranius
846 785 998 841 neraria:
1018 786 1102 840 alius’
1114 803 1137 840 e.
1148 803 1174 854 q.
1186 805 1208 840 s.

194 857 295 930 [Omen
306 859 338 939 1]
376 857 555 912 Cinerario
575 858 717 926 Ambros,
740 856 874 926 probavit
896 857 1081 912 Hermannus.
1114 857 1208 912 Minus

191 929 355 999 probabrlra
378 929 499 986 coniecit
522 928 694 982 Ritschelius
719 945 812 996 opusc.
832 927 858 980 H
877 934 937 983 328.
975 927 1015 983 Cf.
1035 919 1149 983 Catonis
1169 946 1208 984 or.

192 1019 220 1070 p.
230 1006 273 1071 47,
285 1006 319 1054 14
329 1001 352 1055 J.
374 999 465 1054 ‘aliud
484 1003 534 1070 est,
554 999 693 1070 Philippe,
715 1016 800 1068 amor,
820 998 904 1069 longe
924 999 1001 1053 aliud
1021 1003 1064 1054 est
1082 999 1205 1070 cupido!

577 1167 824 1227 COMPITALIA

262 1285 384 1356 Prologo
404 1285 553 1354 desumpta
570 1285 584 1338 I
601 1284 627 1337 H
645 1285 692 1354 HI,
712 1286 744 1338 ut
763 1283 821 1338 iam
839 1283 1028 1339 Neulrirchius
1046 1284 1164 1339 monuit.

693 1417 709 1474 I
776 1425 790 1442 „

138 1533 173 1582 25
192 1569 199 1581 .
221 1568 230 1588 ,.
254 1568 261 1581 .
285 1517 401 1604 fateor,
425 1517 548 1602 sdmpsi
570 1539 636 1582 non
660 1517 700 1580 ab
724 1517 781 1582 illd
806 1519 916 1604 mode,

192 1622 256 1689 Sed
278 1627 315 1687 dt
339 1623 475 1708 quisque
497 1622 626 1707 habuit,
651 1623 838 1687 conueniret
861 1624 949 1707 quod
970 1625 1064 1711 mihi,

192 1729 285 1806 Quod
308 1733 360 1794 me‘
382 1751 449 1794 non
470 1750 564 1812 posse
587 1728 703 1792 melius
726 1729 830 1794 facere
854 1731 988 1818 cre'didi,

190 1835 301 1900 Etiam
324 1838 343 1900 a
366 1835 491 1900 Latine.

262 1957 423 2012 Macrobius
444 1957 501 2012 Sat,
516 1957 555 2011 VI
570 1963 626 2026 1‚4
647 1957 791 2011 ‘Afranius
810 1959 886 2012 enim
903 1961 1066 2030 togatarum
1089 1962 1210 2032 scriptor

192 2029 271 2084 inea
289 2031 398 2099 togata,
418 2044 491 2096 quae
505 2027 676 2097 Compitalia
694 2027 866 2098 inscribitur,
885 2047 942 2084 non
959 2031 1147 2088 inuerecunda
1165 2051 1210 2089 re·

193 2101 333 2170 spondens
354 2099 546 2170 arguentibus,
566 2099 642 2168 quod
660 2098 743 2168 plura
762 2099 928 2170 sumpsisset
946 2120 963 2156 a
981 2103 1145 2175 Menandre,
1164 2106 1208 2162 fa-

191 2173 266 2241 teor,
289 2171 396 2240 inquit,
426 2169 547 2240 sumpsi’
569 2187 592 2225 e.
612 2189 638 2238 q.
659 2188 680 2224 s.
718 2169 900 2226 Cassiodorus
925 2173 960 2226 de
984 2173 1111 2230 amicitia
1137 2177 1208 2246 prol.

194 2243 308 2297 ‘iterum
321 2242 352 2296 in
365 2241 438 2296 libro
454 2242 565 2296 Saturn.
580 2241 723 2296 Affraniu's
738 2245 859 2311 togatas.
876 2243 995 2314 scriptor
1011 2245 1041 2298 in
1056 2262 1090 2300 ea
1107 2250 1208 2318 togata

192 2331 265 2382 quae
285 2312 455 2382 Compitalia
473 2312 650 2382 inscribitur,
670 2311 727 2366 suis
746 2315 918 2382 respondens
938 2316 1145 2372 detractoribus
1164 2319 1207 2372 di-

192 2385 321 2439 centibus
345 2401 409 2438 cum
433 2384 467 2438 de
490 2383 564 2438 libro
588 2383 816 2438 Menandri'non
842 2386 934 2439 solum
961 2387 1130 2458 sententias,
1159 2391 1209 2444 sed

192 2457 280 2510 uerba
298 2455 411 2526 integra
429 2454 669 2523 transsumpsisse,
689 2457 884 2526 transsumpsi,
903 2457 1004 2528 inquit,
1024 2459 1073 2512 sed
1087 2477 1209 2530 eaquae

190 2527 292 2582 melius
310 2543 356 2580 me
374 2543 457 2596 posse
476 2526 603 2580 inuenire
622 2544 679 2581 non
698 2527 825 2582 credidi.²
863 2529 1004 2583 Indicavit
1021 2530 1096 2585 hunc
1114 2532 1209 2586 locum

189 2599 337 2654 Vsenerns.

264 2712 278 2760 1
298 2705 349 2760 illo
369 2705 429 2762 soli
449 2705 533 2759 modo
548 2705 649 2772 Paria,
663 2722 713 2762 nec
727 2707 886 2774 displicebat
899 2707 1069 2777 Hermanno,
1085 2712 1133 2779 qai
1147 2710 1207 2765 solo

193 2779 305 2849 lcpebut,
323 2779 388 2832 item
407 2777 538 2844 Kocla'ss,
557 2777 606 2845 qui
624 2775 735 2830 fatebor
753 2779 843 2844 forma
861 2795 967 2832 cessam
985 2782 1109 2848 capiebat

193 2856 208 2903 2
228 2847 355 2917 quisquis
374 2849 441 2902 Par.
498 2846 661 2900 conueniret
679 2846 755 2914 quod
774 2849 892 2904 Bestias
910 2849 986 2916 quod
1005 2851 1168 2906 conueniret
1185 2875 1208 2907 ω

193 2921 269 2989 quod
288 2918 476 2974 conueniebat
494 2919 674 2973 Hermuaaus
746 2924 762 2970 3
782 2920 831 2974 del.
851 2921 994 2976 Beattcias
1056 2923 1132 2990 quod
1150 2925 1207 2979 Bc-

192 2993 269 3116 {pap
280 2991 411 3059 quodque
426 3011 456 3058 ω,
475 2991 580 3045 servari
597 2991 656 3044 salt
674 2988 835 3045 Skutscbias
853 2993 869 3045 l.
886 2993 903 3046 l.
921 2997 979 3061 153,
998 2994 1046 3048 sed
1063 2996 1097 3062 cf.
1113 2997 1205 3051 coroll.

192 3242 323 3308 Terenti
346 3261 466 3305 numne
489 3239 628 3307 similem
653 3239 760 3304 dicent
783 3243 988 3326 que'mpiam?

264 3363 413 3419 Suetonius
432 3361 509 3416 uitae
528 3360 642 3414 Terenti
661 3379 683 3416 c.
704 3366 719 3414 5
737 3380 764 3430 p.
781 3367 814 3416 33
833 3361 866 3417 e.
889 3364 975 3436 ‘hunc
992 3365 1125 3422 Afranius
1144 3368 1208 3438 qui-

191 3434 409 3573 idriii’oinndbis
434 3431 547 3486 comicis
570 3431 694 3500 praefert
717 3431 841 3487 scribens
865 3433 895 3488 in
914 3434 1131 3506 Compitalibus:
1155 3441 1209 3496 Te·
1275 3453 1277 3456 ’

264 3609 377 3665 Terenti
395 3611 561 3666 Bitschclc'us
578 3627 669 3681 opusc.
684 3611 723 3666 Ill
742 3617 794 3667 262
813 3611 928 3666 terentii
942 3614 1070 3670 Pariani
1083 3617 1206 3674 terentio
