2670 3948
515 207 570 264 GN.
590 207 750 264 saevive

492 351 757 436 'nationesne

189 490 365 560 Aeniorum,
385 489 403 546 i.
419 507 443 546 e.
459 491 477 561 ἡ
496 491 684 564 caracteres,
704 491 812 564 scripsi.
1185 571 1188 579 q

119 600 190 666 Hac
213 600 278 666 sibi
299 601 463 688 prospice,
485 601 546 668 hac
570 601 698 688 despice
1029 619 1032 626 ·
1157 620 1192 670 25

153 757 156 764 .
190 721 432 792 Nonius155‚25
459 723 638 794 ‘prospica
662 725 691 778 ct
715 724 869 794 despice,
892 723 1004 780 intenta
1025 726 1056 780 et
1072 740 1138 780 con·

97 793 100 800 ’
118 794 259 864 templata
273 793 325 864 (sic
340 793 454 850 Onions.
466 795 680 865 ‘contemplare’
691 795 790 852 Bamb.
802 795 889 852 Oxou.
902 795 1085 866 ‘contempla’
1096 797 1138 865 φ).

119 864 468 1005 {egurgigisitogiolm
488 867 532 922 ao‘
544 883 567 921 e.
578 883 605 934 q.
617 884 638 922 s.
666 867 773 936 ‘potest
791 882 858 937 ergo
876 866 1023 937 prospicue
1043 869 1072 922 et
1090 867 1139 922 de·

189 1026 245 1082 hac
260 1069 265 1080 .
278 1071 284 1082 .
298 1025 352 1080 hac
367 1026 487 1082 Bottius
505 1043 538 1082 ae
549 1071 555 1080 .
568 1070 573 1081 .
584 1043 618 1081 ac
632 1047 662 1081 ω.
688 1027 729 1096 Of.
741 1025 980 1083 Lochmoomuato
990 1027 1074 1084 lasa.
1085 1031 1138 1082 80⁷

500 1175 763 1238 clanculum
830 1156 833 1162 ’

188 1292 267 1348 Nota
284 1293 339 1348 hoc
357 1292 472 1348 nomine
489 1292 586 1374 Plauti
605 1293 712 1349 fabula.

119 1400 194 1466 'libi
215 1402 303 1467 serui
326 1373 423 1468 multi
445 1403 532 1487 apud
554 1423 698 1468 mensam
722 1406 841 1468 astant:
865 1403 923 1468 ille
946 1403 1015 1487 ipse
1038 1405 1138 1489 astat,

709 1509 837 1594 quando
861 1509 938 1578 edit.

187 1612 350 1667 Priscianus
369 1630 396 1682 p.
412 1617 466 1666 894
479 1612 509 1668 P.
536 1611 734 1667 ‘uetustissimi
757 1616 854 1667 tamen
878 1612 966 1668 etiam
989 1612 1051 1668 edo
1076 1612 1136 1668 edis

120 1684 178 1738 edit
195 1683 332 1738 dicebant
350 1685 479 1752 correpta
497 1682 589 1753 prima
608 1683 726 1752 syllaba.
760 1683 887 1738 Naeuius
905 1683 936 1737 in
950 1683 1136 1739 Carbonaria:

121 1755 184 1809 tibi'
200 1772 224 1811 e.
235 1773 261 1824 q.
273 1773 293 1809 s.
327 1756 395 1809 ‘non
412 1757 509 1825 potest
522 1753 599 1809 enim
612 1753 643 1808 in
656 1755 710 1808 hoc
723 1753 819 1809 iambo
833 1754 1011 1824 paenultima
1025 1754 1138 1825 syllaba

120 1825 203 1897 longa
227 1842 302 1896 esse,
325 1829 359 1880 ut
381 1824 566 1896 intellegatur
588 1825 786 1896 praeteritum,
810 1839 846 1880 ne
867 1826 905 1882 sit
924 1824 1052 1892 σκάζων)
1091 1825 1137 1897 (in
1196 1865 1199 1871 .

121 1897 328 1952 carbonaria
347 1913 401 1951 om.
421 1896 517 1966 Sangi

191 1988 341 2043 Trocliueoa
359 1987 472 2058 ayooeit
489 1986 656 2042 Riteohele'us
675 1985 789 2057 Parere.
804 1985 866 2039 198

503 2134 757 2195 OLAMHJARIA

163 2291 166 2298 .
187 2245 372 2313 colman,
392 2243 410 2297 i.
426 2227 719 2312 a'chlamydsria.

120 2344 230 2431 Neque
260 2343 435 2409 admodum
465 2365 484 2408 a
511 2341 621 2428 pueris
648 2342 803 2408 abscessit
829 2344 933 2428 neque
962 2343 1189 2414 admodumae¹

654 2447 935 2514 adulescentulust.

157 2609 160 2614 .
186 2554 305 2629 [Sergii]
324 2554 434 2625 explan.
454 2553 485 2607 sn
502 2553 646 2608 Donatum
664 2551 733 2607 ceu
747 2552 786 2607 iv
802 2571 828 2621 p.
841 2559 892 2608 sss
914 2543 1077 2609 admocum
1092 2597 1098 2608 .
1111 2598 1134 2610 ..
1196 2530 1198 2535 ’

121 2627 280 2696 quaesitum
298 2629 342 2680 est
358 2643 427 2680 num
444 2642 496 2695 pro
510 2624 595 2680 ualde
609 2640 699 2692 usque
713 2623 848 2693 dicamus,
868 2623 941 2679 etin
954 2643 1007 2679 usu
1021 2624 1077 2680 fuit
1091 2668 1097 2680 .
1110 2669 1134 2680 ..

120 2700 192 2768 apud
209 2696 354 2753 Naeuium
371 2696 402 2751 in
420 2695 605 2752 Clamidaria:
624 2695 727 2764 neque’
747 2711 770 2751 e.
785 2713 812 2763 q.
827 2713 848 2750 s.

188 2800 387 2894 ‚fauoriscoa
420 2819 610 2886 abscesitood.
643 2819 871 2874 adolescentulus
882 2822 926 2874 est
934 2807 992 2876 coil.
1024 2821 1135 2875 Variuta'

119 2895 148 2948 ia
160 2912 223 2952 voce
241 2892 395 2974 admotum
409 2893 679 2963 wceatuaeleqaatia
684 2898 788 2961 pereat,
802 2893 828 2946 εί
835 2892 973 2947 trochaeos
981 2893 1134 2946 (lineatoris

470 3117 472 3120 ¹
560 3039 694 3101 conix

185 3159 304 3230 Prologi
325 3159 356 3213 in
377 3158 493 3214 Terenti
514 3173 577 3213 eun.
597 3163 631 3212 26
654 3157 725 3212 haee
749 3160 826 3212 sunt:
857 3157 1030 3212 ‘Colacem
1058 3173 1133 3212 esse

120 3231 227 3288 liae-ui
246 3229 412 3286 etPlauti
430 3233 583 3284 ueterem
596 3229 766 3297 fabulam,
785 3228 940 3283 Parasiti
953 3244 1133 3298 personam

121 3303 196 3359 inde
221 3301 376 3357 ablatam
399 3304 433 3360 et
454 3299 590 3354 militis.
629 3299 659 3355 si
682 3299 713 3354 id
736 3302 780 3354 est
802 3303 962 3370 peccatum,
983 3302 1134 3382 peccatum
1163 3369 1166 3376 Ι

119 3373 328 3445 inprudentiast
341 3373 459 3442 Poetae,
477 3389 535 3427 non
554 3379 609 3440 quo
628 3371 735 3424 lurtum
752 3371 846 3426 facere
864 3371 1012 3426 studuerit.
1040 3371 1073 3425 Id
1090 3369 1133 3426 ita

120 3461 176 3502 csse
195 3462 249 3500 uos
267 3444 326 3499 iam
343 3443 469 3498 iudicare
487 3441 626 3513 poteritis.
664 3441 769 3498 Oolax
786 3439 1015 3512 Menandrist,
1040 3441 1075 3496 in
1094 3458 1133 3497 aa

121 3521 168 3572 est
193 3515 374 3588 parasitus
402 3515 502 3570 colax
524 3515 566 3568 Et
593 3513 692 3568 miles
718 3513 908 3584 gloriosus:
936 3530 992 3569 eas
1020 3529 1055 3567 se
1077 3512 1133 3566 hic

121 3605 182 3644 non
204 3585 313 3658 negat
330 3581 498 3642 Personas
520 3585 748 3641 transtulisse
767 3584 802 3638 in
820 3585 1019 3640 Eunuchum
1037 3601 1133 3638 suam
