2674 3950
191 193 257 257 340
521 188 680 244 osoruvs
699 187 877 242 suasurus

191 353 267 408 lione
295 353 378 421 dicit,
406 368 579 420 quamquam
601 347 722 420 'planum
748 367 799 419 pro
829 351 1005 420 sycophanta
1032 352 1069 407 M.
1096 371 1209 422 quoque

192 424 288 479 Cicero
307 424 338 477 in
352 423 479 478 oratione
494 422 630 492 scriptum
648 421 771 490 reliquit,
791 439 876 489 quam
894 440 945 492 pro
964 421 1094 478 Cluentio
1113 425 1206 480 dinc!

539 644 676 714 AQVAE
701 643 860 702 GALDAE

692 769 707 826 I

192 925 198 936 .
245 924 251 936 .
299 923 305 936 .
352 873 384 934 et
408 869 472 933 iam
495 868 549 932 hic
571 891 622 932 me
647 869 788 952 optimus
811 875 942 934 sommis
965 871 1096 956 premit,

157 997 173 1044 5
192 979 238 1043 Vt
260 977 419 1062 premitur
441 975 513 1062 glis.

263 1099 372 1153 Nonius
388 1104 448 1166 119,
464 1104 498 1152 24
515 1097 606 1167 ‘glis,
625 1097 817 1152 nominatiuus
832 1099 869 1153 ab
884 1117 925 1168 cO,
943 1100 1019 1170 quod
1033 1103 1099 1154 sunt
1112 1100 1206 1170 glires.

191 1169 327 1225 Laberius
346 1169 377 1222 in
395 1168 484 1237 Aquis
504 1168 605 1222 caldis:
625 1168 723 1222 etiam’
739 1186 762 1224 c.
778 1188 804 1238 q.
820 1188 841 1225 s.
878 1171 991 1226 Laudat
1009 1171 1113 1240 aliquis
1132 1172 1208 1226 salu-

192 1245 283 1297 tarem
302 1257 439 1309 aquarum
458 1239 595 1294 effectum.

264 1354 277 1402 l
304 1347 414 1417 opimus
438 1349 625 1414 Passeratius,
653 1365 706 1417 quo
731 1350 769 1402 ud
792 1350 974 1418 supplendum
998 1352 1138 1404 serrarium
1162 1352 1207 1406 uti

187 1422 286 1492 possis,
304 1421 329 1474 si
347 1426 411 1473 arcte
430 1417 552 1487 optimus
571 1420 677 1473 inseras
750 1425 765 1472 2
785 1421 818 1472 ut
835 1419 972 1489 premitur
987 1420 1040 1489 1⁴²²,
1057 1439 1105 1476 ms.
1117 1422 1209 1476 Fabri

192 1489 360 1560 opprimitur
378 1510 400 1559 φ
426 1505 460 1543 eo
478 1489 615 1558 premitur
633 1491 759 1546 Botbius.
799 1491 970 1546 Ooaiciebom
989 1509 1044 1559 quo
1063 1492 1207 1562 premitur,

191 1571 222 1618 ut
240 1563 355 1631 scripsit
368 1562 543 1616 Passeratius

191 1794 383 1882 podagricus
684 1712 715 1770 Π

265 1916 407 1971 Charisius
433 1935 460 1986 p.
476 1921 509 1970 58
529 1917 558 1971 P.
587 1916 775 1985 ‘podagrosus
803 1933 819 1969 a
844 1918 971 1987 podagra
996 1919 1068 1973 bene
1094 1917 1207 1988 dicitur,

194 1989 244 2042 sed
263 1991 292 2041 ct
309 1987 480 2058 podagricus
495 2004 512 2040 a
528 1987 632 2056 pedum
651 1987 837 2056 aegritudine,
857 1988 936 2043 cuius
955 1989 1113 2060 exemplum
1131 1991 1208 2059 apud

192 2058 343 2114 Laberium
362 2061 405 2112 est
423 2059 457 2111 in
474 2057 581 2126 Aquis
601 2101 807 2112 ..........
822 2062 831 2129 ΙΙ
845 2059 1023 2114 Aeditumus’
1040 2078 1062 2115 e.
1074 2079 1100 2129 q.
1111 2079 1131 2114 .
1161 2060 1208 2115 Sic
1322 2069 1323 2104 ἐ

193 2132 253 2184 cod.
273 2131 346 2184 teste
365 2129 399 2182 H.
414 2129 520 2195 Rodio,
544 2129 593 2196 qui
618 2128 766 2182 adnotavit
789 2129 898 2184 litteras
924 2149 940 2185 a
963 2149 1016 2202 pe,
1040 2131 1147 2202 aegri.
1173 2131 1208 2186 in

192 2201 299 2268 Aquis
323 2201 359 2254 ab
383 2199 445 2268 ipso
469 2199 583 2268 quidem
605 2199 663 2253 iam
685 2199 743 2270 legi
766 2217 823 2254 non
843 2203 981 2272 potuisse,
1005 2205 1055 2258 sed
1074 2202 1208 2257 editionis
1300 2216 1304 2223 '

191 2271 279 2342 princ.
300 2271 470 2325 auctoritate
489 2270 558 2324 satis
578 2271 698 2326 defendi.
735 2270 816 2336 Quod
840 2274 915 2342 apud
933 2275 1099 2328 Putschium
1119 2274 1209 2328 fertur

192 2342 352 2467 ἓκῗᾳρξυω
365 2341 574 2466 pioripgritcus
591 2359 657 2396 non
675 2343 835 2413 recessit,
854 2345 923 2398 item
935 2345 965 2398 in
979 2346 1072 2415 adpr.
1087 2348 1116 2400 et
1130 2347 1208 2415 apud
1322 2377 1323 2408 3

216 2431 353 2467 auorum
392 2431 434 2467 esr
454 2431 555 2468 eraur.

637 2609 755 2668 ARIES

264 2687 304 2742 Cf.
323 2687 377 2742 inc.
397 2688 454 2742 fab.
474 2689 532 2742 XX.

192 2806 258 2872 Vix
281 2807 424 2870 sustineo
447 2807 546 2870 lassas
570 2809 679 2873 clunes

264 2927 407 2981 Charisius
423 2947 450 2997 p.
463 2933 495 2981 78
512 2929 542 2981 P.
564 2929 692 2984 ‘clunes
710 2930 845 2984 feminino
864 2948 966 3002 genere
981 2932 1053 2986 dixit
1066 2931 1208 3002 Melissus,

193 3002 222 3053 et
240 2999 328 3052 habet
349 3001 492 3052 auctorem
509 2999 667 3070 Laberium,
687 3001 736 3069 qui
754 3001 784 3054 in
802 3002 897 3056 Ariete
917 3003 956 3057 sio
976 3003 1029 3059 ait:
1052 3003 1111 3058 uix
1134 3021 1208 3057 sus·
1322 3017 1323 3024 ¹

192 3069 287 3123 tineo
312 3069 429 3124 clunes
454 3070 595 3194 scpuola
623 3075 656 3126 et
679 3073 844 3126 Horatius
868 3076 902 3127 et
928 3075 1040 3128 lassas
1067 3074 1206 3129 clunes’

193 3141 250 3210 (Sic
274 3141 334 3194 cod.
354 3140 443 3210 Neap.
464 3142 571 3196 ‘cuncs
593 3143 723 3197 melissus
746 3145 816 3197 femi
839 3144 911 3198 dixit
934 3145 1040 3199 oratius
1064 3148 1092 3200 ct
1115 3145 1207 3200 lassos

191 3212 307 3266 culuncs
331 3211 482 3270 etmelius
505 3223 567 3266 mas
591 3214 708 3268 dicitur'
730 3219 860 3284 excerpta
879 3216 966 3270 Paris.
1005 3217 1114 3271 Collato
1139 3234 1207 3272 ano-

190 3282 270 3351 nymi
294 3283 328 3336 dc
353 3283 446 3336 dubiis
469 3301 543 3338 nom.
564 3286 639 3353 apud
657 3285 781 3340 Keilium
799 3287 867 3341 OGL
882 3287 908 3340 V
925 3306 952 3357 p.
969 3293 1019 3342 575
1043 3287 1207 3344 testimonio

190 3355 244 3407 hoo
274 3353 380 3406 ‘clunes
412 3355 523 3423 generis
555 3355 695 3426 feminini,
728 3360 761 3411 ut
796 3357 945 3414 Scaeuola:
978 3359 1068 3414 lassas
1097 3359 1205 3415 cluncs’

190 3425 228 3478 M.
248 3424 389 3493 Hauptius
412 3425 443 3478 in
467 3425 551 3479 Ovidi
574 3427 696 3482 Halieut.
720 3447 747 3498 p.
766 3435 812 3496 74,
845 3446 928 3498 quem
956 3429 1064 3484 Keilius
1094 3435 1206 3486 secutus

192 3498 247 3560 est,
272 3495 311 3548 sio
331 3495 455 3564 scripsit:
480 3497 536 3550 vix
561 3499 715 3553 sustineo
740 3499 857 3553 clunes
878 3545 882 3556 .
900 3544 905 3555 .
922 3545 949 3556 ..
971 3505 1004 3556 ct
1026 3503 1205 3560 Horatius:

191 3566 355 3634 pulchrae
379 3567 495 3620 clunes
515 3567 726 3642 [sat.12,89],
746 3573 779 3625 et
799 3571 980 3629 Scaevola:
1003 3573 1115 3628 lassas
1135 3575 1207 3628 clu-
