2696 3946
162 180 167 196 ¹
258 226 261 232 ·
330 215 381 270 nx
399 214 566 270 monacis
583 214 826 272 monnicam
842 214 997 271 inerms
1108 213 1171 278 139

602 382 732 442 XXVIII

692 483 824 550 difficile
846 485 897 550 est
918 484 1016 569 loqui.

229 603 459 660 XXVIII-XXX
486 604 582 660 Cicero
605 603 687 675 epist.
708 606 745 660 ad
769 606 915 666 famll9
940 607 1015 660 ‘cum
1036 603 1172 675 gratulor,

156 680 219 732 ium
237 691 304 730 uero
323 675 426 745 quibus
445 675 540 730 uerbis
558 675 613 732 libi
631 674 740 757 gratias
763 693 849 747 agam
870 693 928 731 non
949 675 1072 746 reperio,
1096 675 1173 744 quod

156 748 200 802 iia
217 747 311 802 factus
330 747 377 816 sis,
396 750 429 802 ut
447 747 557 802 dederis
576 747 672 816 nobis,
691 764 775 816 quem
794 747 947 803 admodum
965 747 1116 816 scripseras
1135 745 1173 800 ad

156 835 210 887 me,
229 833 314 887 quem
327 834 437 888 semper
449 817 540 873 ridere
548 819 720 942 possemus!
741 818 785 886 (cf.
800 819 866 874 VIII
883 823 949 889 3,1.
968 825 993 888 9,
1010 825 1023 872 1
1043 817 1069 872 Π
1088 819 1173 886 10,1)

157 891 269 958 ‘Itaque
288 889 492 960 cumprimum
510 905 547 944 eu
578 889 621 958 ui,
647 905 700 956 ego
723 888 773 945 ille
792 889 803 943 i
823 905 853 944 se
871 889 964 944 faoius
984 905 1045 943 sum
1063 919 1099 929 ——
1117 887 1172 941 scis

155 978 241 1030 quem
260 959 354 1016 dicam
367 992 403 1002 -
417 960 518 1031 egique
537 959 627 1015 omnis
646 959 711 1015 illos
731 907 986 1030 adulescentes,
1006 975 1090 1028 quos
1108 957 1172 1012 ille

156 1031 302 1087 aciiIaI’
334 1031 375 1086 sic
393 1031 536 1086 Victorius
554 1030 702 1086 iactitat
719 1031 807 1100 Med,
832 1031 902 1086 item
920 1031 1012 1101 infra).
1051 1029 1172 1084 ‘Diffi-

155 1101 224 1158 cile
252 1105 305 1158 est
348 1101 438 1172 oqui.
475 1099 514 1157 Te
540 1104 637 1158 aulem
660 1102 854 1174 contemplans
878 1101 1025 1157 absentem
1043 1102 1073 1156 et
1090 1099 1172 1169 quasi
1232 1131 1234 1136 ·

155 1175 251 1228 'cecum
269 1190 364 1228 coram
381 1171 524 1242 loquerer:
542 1190 609 1228 non
628 1171 751 1244 edepol
770 1216 776 1228 .
794 1218 799 1229 .
816 1218 821 1229 .
841 1171 975 1230 feceris.
1005 1171 1086 1240 Quod
1104 1171 1172 1240 quia

156 1247 269 1316 praeter
285 1244 446 1314 opinionem
463 1243 534 1298 mihi
553 1243 704 1314 acciderat,
723 1244 880 1299 referebam
897 1261 943 1299 me
961 1244 998 1298 ad
1016 1241 1102 1298 illud:
1120 1242 1172 1296 in-

155 1315 343 1370 credibilo‘
364 1332 387 1370 e.
407 1333 433 1384 q.
454 1333 475 1371 s.
501 1315 639 1386 ‘Repente
657 1331 724 1370 uero
743 1315 872 1370 incessi
891 1315 1048 1370 omnibus
1067 1313 1172 1368 laeti-

156 1387 219 1442 siis
238 1386 368 1442 laetus’
389 1385 501 1456 (Caecil.
517 1388 589 1457 262),
607 1386 638 1440 In
654 1401 710 1454 quo
724 1401 789 1440 curn
803 1385 974 1456 obiurgator,
994 1385 1070 1454 qnod
1083 1383 1172 1438 nimio

177 1457 261 1512 audio
270 1474 361 1528 paene
371 1457 535 1528 desiperem,
545 1456 588 1511 ila
596 1473 641 1512 me
652 1456 851 1514 defendebamz
862 1474 924 1527 ego
939 1475 965 1512 u.
974 1473 999 1512 a.
1009 1455 1170 1510 nimiam!

154 1477 279 1598 §trabea
296 1527 329 1583 fr.
423 1527 503 1597 ‘quid
527 1527 658 1599 quaeris?
686 1528 754 1582 dum
776 1527 859 1582 illum
880 1527 972 1597 rideo,
997 1542 1087 1598 paene
1110 1544 1173 1580 sum

155 1599 249 1654 faenus
267 1599 337 1654 ille'
374 1597 536 1654 Difficile
563 1599 616 1654 esi
642 1597 739 1668 loqui
766 1597 830 1669 ipsa
852 1615 964 1668 quoque
981 1597 1172 1653 adulescentis

156 1670 304 1726 cuiusdam
317 1669 470 1726 exultantis
485 1669 573 1726 verba
587 1686 648 1725 esse
663 1668 779 1725 conieci.
802 1670 953 1740 Repeiilur
966 1669 1037 1725 haec
1051 1669 1173 1740 epistola

155 1745 222 1813 post
242 1739 305 1797 VIII
324 1747 348 1798 ὁ.

617 1817 715 1880 XXIX

155 1923 232 1990 Non
259 1922 373 2007 edepol
400 1925 553 2008 quantam
580 1943 649 1986 rem
677 1921 781 2008 egeris
808 1943 913 2006 neque
942 1921 1101 2006 qnantum
1127 1921 1173 1985 fa-

905 2027 996 2092 cinus
1019 2027 1133 2093 feceris

180 2181 182 2186 .
212 2151 287 2206 'rem
306 2148 396 2221 egeris
415 2149 491 2206 Mod.
510 2151 596 2206 altero
614 2149 734 2220 evemplo
753 2147 843 2220 egeris
862 2164 922 2204 rem
939 2149 996 2206 cod.
1015 2151 1060 2206 liic

623 2281 706 2342 XXX

59 2380 65 2390 ’
155 2381 359 2450 ‘Incredibile
381 2383 443 2448 hoc
466 2383 588 2448 facium
612 2383 753 2449 obicitur
776 2435 970 2449 .......
1191 2400 1225 2447 4ο

228 2505 336 2560 facium
350 2506 389 2561 eol.
400 2506 485 2574 octo'q.
496 2505 607 2576 siponto
618 2505 647 2558 A
660 2507 737 2575 aprici
749 2506 887 2573 OreIIIwm,
907 2504 1174 2577 Marmei-Lama

155 2577 235 2632 lactu
253 2577 329 2633 Meo.
348 2577 406 2633 cod.
424 2577 478 2644 hcc,
496 2575 572 2630 facio
592 2575 675 2632 Harl.
695 2577 762 2632 Por.

615 2707 715 2767 XXXI

745 2813 804 2857 nec
826 2791 955 2856 mnlieri

156 2883 226 2950 Neo
249 2881 373 2970 gremio
397 2879 483 2944 credi
507 2879 643 2964 oportet.

228 3003 328 3058 Festus
342 3021 369 3072 p.
386 3006 436 3056 165
451 3001 488 3055 M.
506 3001 581 3054 ‘neo
595 3000 732 3055 muIIeri
745 3017 808 3055 nee
821 2999 950 3082 gremio
965 2997 1060 3053 credi
1074 3015 1173 3068 opor-

156 3079 231 3130 tere
248 3071 430 3145 prouerbium
449 3073 500 3140 esi,
519 3071 595 3140 quod
614 3073 643 3126 ei
661 3071 713 3125 illa
730 3069 831 3126 inoern
850 3074 880 3126 el
897 3070 969 3125 leuis
985 3067 1073 3124 animi
1087 3071 1130 3123 est
1144 3071 1173 3124 ei

157 3147 322 3228 plerumque
340 3143 371 3198 in
388 3141 496 3213 gremio
514 3142 622 3240 posita,
646 3160 710 3196 cum
727 3142 758 3196 in
777 3141 951 3197 obliuionem
968 3143 1107 3195 uenerunt
1127 3157 1173 3194 ex·

157 3236 205 3272 sur
226 3220 341 3342 epnpm,
359 3213 518 3286 procidunt.
568 3211 720 3269 Comoedia
737 3213 840 3284 respici
858 3213 920 3268 visa
939 3214 983 3267 est
1001 3211 1039 3266 Μ.
1058 3210 1172 3266 Heriaio

156 3289 180 3344 P
223 3305 260 3344 ο.
312 3293 373 3342 612.

231 3383 303 3448 laq.
339 3375 410 3432 Gom
429 3376 543 3432 mico
564 3375 765 3443 concremat,
792 3389 860 3428 mm
886 3375 919 3428 ia
945 3373 1083 3430 conmodis
1109 3373 1175 3427 hacc

157 3452 247 3506 Iocum
269 3449 428 3516 haimim,
456 3453 515 3503 wan
537 3447 569 3501 dc
593 3447 713 3501 mmsis
735 3446 802 3501 certi
827 3445 900 3500 nihil
926 3445 1072 3513 adfinitati
1099 3444 1174 3498 IIoet:

154 3521 246 3591 possin
264 3537 285 3575 o.
300 3536 322 3575 c.
337 3535 394 3574 uoco
411 3535 491 3574 versu
508 3517 669 3574 modom
682 3533 735 3570 nco
749 3515 861 3570 milieri
874 3531 927 3570 nec
940 3515 1048 3586 gremio
1062 3515 1174 3584 oporiet

157 3591 266 3646 credier
