2696 3946
192 217 257 282 144
364 217 414 270 EX
432 215 598 272 INGERTIS
616 215 858 270 INCER'I'ORVM
876 215 1030 270 FABVLIS

635 384 763 443 XLVIII

138 502 172 550 65
706 484 817 550 Liberi
839 483 973 549 bellaria

263 607 371 662 Gellius
390 605 455 660 XIII
474 611 516 674 11,
537 611 552 659 7
572 606 651 660 ‘uina
674 622 785 675 quoque
810 605 937 660 dulciora
961 607 1004 660 cst
1026 603 1153 659 inuenire
1176 603 1206 658 in

191 675 570 804 fflnssfflfifleifflfflibus
588 677 642 732 hoc
660 677 773 732 nominc
791 676 1082 747 appellatadictaque
1097 691 1207 730 osseca

649 862 745 920 XLIX

139 969 210 1040 tsslu
222 965 368 1032 Clitellas
392 963 470 1030 boui
488 967 564 1030 scint
582 963 754 1048 inpositae:
777 963 884 1048 pline!
908 985 974 1028 non
993 966 1042 1028 est
1059 963 1207 1027 nostrum

886 1091 975 1134 onus.

264 1193 359 1248 Cicero
383 1190 464 1262 epist.
485 1191 522 1245 ad
540 1190 599 1245 Att.
618 1191 644 1245 V
664 1197 698 1245 15
719 1191 773 1245 ‘est
791 1190 969 1260 incredibile,
992 1207 1078 1259 quam
1095 1205 1140 1243 me
1158 1205 1207 1243 ne-

192 1263 264 1346 gotii
282 1263 406 1319 taedeat.
434 1262 499 1316 Non
513 1262 601 1316 habet
620 1261 689 1316 satis
707 1279 842 1332 magnum
861 1279 991 1332 campum
1008 1261 1059 1315 ille
1077 1259 1132 1314 tibi
1149 1277 1207 1314 non

192 1337 306 1406 rgnotus
321 1351 417 1389 cursus
437 1332 524 1386 animi
543 1335 571 1387 et
589 1331 746 1387 industriae
761 1349 842 1387 meae
855 1333 1002 1404 praeclara
1016 1348 1101 1402 opera
1115 1334 1207 1386 cessat

194 1451 199 1461 .
216 1450 222 1462 .
238 1451 244 1462 .
261 1450 266 1460 .
282 1404 457 1460 clitellae’
477 1420 501 1458 e.
512 1421 538 1472 q.
549 1421 570 1458 s.
596 1404 657 1458 ‘sed
675 1403 816 1458 feremus)
840 1403 1005 1459 Ammianus
1024 1402 1205 1458 Marcellinus

193 1477 258 1531 XVI
276 1481 301 1543 ὅ,
321 1482 337 1529 9
358 1477 433 1530 ‘cum
456 1490 583 1530 exercere
605 1475 738 1544 proludia
760 1474 927 1546 disciplinae
946 1474 1096 1530 castrensis
1114 1473 1207 1543 philo-

193 1548 298 1617 sophus
318 1548 464 1616 cogeretur
482 1549 515 1600 ut
529 1545 675 1628 princeps,
701 1549 847 1616 artemque
864 1546 1037 1601 modulatius
1056 1544 1207 1600 incedendi

193 1635 243 1688 per
269 1617 430 1687 pyrricham
457 1616 671 1672 concmentibus
699 1617 820 1672 disceret
846 1617 961 1688 fistulis,
989 1619 1089 1672 uetus
1116 1615 1207 1669 illud

192 1687 425 1760 prouerbium:
460 1687 620 1744 clitellae
647 1688 730 1743 boui
757 1691 837 1743 sunt
863 1688 1062 1758 impositae,
1089 1687 1206 1757 plane!

193 1777 259 1814 non
277 1762 330 1815 est
348 1761 502 1814 nostrum
521 1776 603 1814 onus
621 1759 771 1814 Platonem
788 1759 885 1814 crebro
898 1759 1047 1814 nominans
1067 1758 1206 1813 exclama-

193 1832 264 1887 bat!
303 1829 494 1896 Quilltilianus
512 1830 538 1884 V
557 1836 600 1900 11,
619 1836 652 1884 21
674 1831 842 1901 ‘accceptior
859 1847 948 1901 genus
966 1830 1047 1900 illud,
1069 1829 1145 1898 quod
1163 1832 1207 1883 est

193 1902 274 1957 uelut
282 1901 390 1956 fabella
398 1900 511 1956 breuior
520 1903 549 1956 et
557 1918 608 1971 per
618 1901 783 1972 allegoriam
793 1900 944 1972 accipitur:
959 1918 1025 1955 non
1038 1903 1206 1969 nostrum,

193 1973 295 2042 inquit,
311 1990 408 2054 onus³
422 1973 482 2027 bos
497 1972 675 2028 clitellas?
694 1972 821 2027 Pertinet
835 1973 872 2027 ad
884 1971 1097 2042 proverbiorum
1109 1987 1206 2041 genus,

194 2045 270 2113 quod
289 2043 423 2112 exemplis
442 2046 507 2114 post
524 2043 681 2114 Hauptium
699 2060 793 2113 opusc.
807 2044 834 2098 11
848 2049 900 2099 396
914 2042 1079 2098 inlustravit
1098 2041 1129 2096 Ο.
1141 2041 1208 2097 Cru-

194 2115 252 2170 sius
271 2133 342 2170 mus.
361 2115 450 2170 Rhen.
469 2121 513 2183 44,
531 2122 593 2171 448.
612 2120 665 2170 459
684 2131 724 2184 sq.

265 2221 456 2290 &pacurano
473 2222 614 2277 constituit
631 2222 694 2276 Bac
714 2219 789 2277 Corsi.
809 2221 873 2277 Lot.
890 2227 922 2275 17
983 2220 1069 2290 plane
1082 2219 1206 2274 Ammia-

192 2309 259 2360 nus,
282 2293 355 2362 quod
379 2291 476 2361 ‘plana
494 2294 523 2346 et
541 2290 686 2359 aequabili
704 2291 764 2361 uia,
787 2291 873 2362 plano
897 2293 1006 2362 gressu'
1030 2293 1207 2361 Interpretor:

193 2364 304 2419 insolito
321 2379 401 2418 ocare
415 2365 505 2444 messi
523 2364 600 2418 bocca
617 2379 674 2418 coc
691 2380 719 2418 sc
736 2365 793 2445 pisi
811 2365 880 2438 lece
893 2369 919 2420 ct
936 2364 1072 2420 auderato
1085 2362 1207 2418 incedere

190 2451 269 2505 posse
287 2435 415 2490 ciccum.
452 2433 540 2488 rllane
559 2433 635 2490 Med.
654 2450 723 2490 corr.
742 2433 794 2488 illa
811 2453 846 2490 m.
863 2451 907 2504 pr.

689 2600 714 2658 L

196 2702 294 2780 Quasi
312 2701 383 2785 <si>
400 2721 522 2765 messor
543 2702 602 2785 pe‘r
624 2701 754 2765 messim
777 2724 877 2766 unum
901 2703 1060 2786 quemque
1083 2702 1208 2786 spicum

889 2808 1021 2894 collegit

266 2928 365 2982 Festus
381 2931 487 3008 ·p.'333
505 2928 543 2983 M.
571 2928 717 3000 ‘spicum
743 2928 898 2988 masculine
928 2927 1038 2996 antiqui
1065 2927 1207 2999 dicebant,

195 2999 467 3145 pppsuincestplrppm
490 3002 519 3055 ct
541 3000 615 3054 hanc
643 3016 761 3056 amnem.
799 3016 918 3054 uersus
947 3003 1000 3054 est
1027 2998 1208 3068 antiquus:

266 3198 316 3251 per
334 3179 447 3237 messim
465 3179 515 3234 del.
535 3153 555 3234 ci
573 3179 605 3233 dc
622 3195 706 3235 cersu-
720 3177 777 3234 Sat.
798 3182 840 3247 81,
859 3185 891 3234 ct
908 3179 1035 3234 secanae
1053 3178 1152 3236 evadat

193 3251 311 3322 collegit
329 3255 396 3323 cod,
415 3253 433 3306 i.
453 3267 474 3306 e.
494 3248 604 3319 colligit

680 3363 721 3425 LI

195 3465 276 3532 Ta'm
299 3467 383 3550 perit
406 3489 503 3552 quam
526 3467 669 3550 extre'ma
691 3465 766 3531 faba
790 3515 982 3530 .......

268 3585 368 3640 Festus
391 3605 418 3656 p.
439 3593 490 3643 363
509 3588 545 3642 Μ.
567 3588 652 3642 ‘tam
673 3586 765 3657 perit
787 3602 886 3655 quam
905 3587 1057 3640 extrema
1075 3585 1156 3641 faba
1174 3585 1210 3642 in
