2696 3946
390 227 393 236 ·
508 201 646 263 SEXTVS
664 205 855 263 aveamus

575 411 796 472 EPIOLERVS

249 528 366 583 Initium
383 529 572 583 Menandreae
590 526 705 582 fabulae
724 527 898 598 eognominis
921 529 975 582 hoe
1000 529 1043 598 (fr.
1065 535 1116 584 164
1130 529 1192 600 Κ.)1

179 595 226 669 ἆρ’
248 601 305 655 ἐστὶ
327 598 442 655 πάντων
465 601 608 670 ἀγρυπνία
631 597 802 653 inuasuros.
836 597 903 669 Ἐμὲ
923 597 993 669 your
1012 600 1194 669 ἀναστήσασα

179 673 258 740 δευρὶ
276 671 431 742 προάγεται
448 676 553 726 Aurea
571 669 623 724 ἀπ’
640 672 727 740 ἀρχῆς
745 669 840 725 πάντα
858 671 907 724 τὸν
927 669 1048 740 ἐμαυτοῦ
1064 673 1135 745 βίον,
1150 672 1193 726 ita

178 742 307 797 imitatus
327 745 370 796 est
388 741 545 812 Turpilius,
568 743 601 795 ut
625 740 698 794 servi
717 740 917 810 Stephanionis
936 759 1057 811 persona
1075 741 1193 798 indueia

178 814 360 884 monologum
373 815 497 868 mutaret
509 812 540 866 in
554 811 726 866 deverbium.
757 811 859 882 Agitur
873 815 969 867 autem
982 813 1012 867 111
1025 813 1080 868 hae
1093 814 1192 869 fabula

178 880 240 954 hoe,
259 887 292 939 ut
310 883 409 939 orbam
426 883 564 954 puellam,
583 901 669 952 quam
687 885 809 953 cognato
827 883 933 938 nubere
951 884 998 938 lex
1015 883 1103 954 iubet,
1124 886 1193 940 adu-

178 956 286 1010 lescens
305 955 422 1024 quidam
440 953 541 1008 ducere
556 971 573 1008 a
586 953 752 1024 pareniibus
771 957 897 1024 cogeant.
927 949 1112 1010 Nemeorum
1127 973 1192 1012 con-

179 1027 244 1082 silia
262 1025 443 1082 eontinentur
460 1026 493 1080 fr.
508 1026 548 1080 IV
562 1027 590 1079 et
604 1025 638 1094 V,
657 1027 687 1080 ei
705 1025 784 1079 cuius
804 1024 887 1080 liberi
905 1030 1097 1082 memorantur
1114 1027 1147 1083 fr.
1166 1029 1194 1083 Π

91 1120 92 1126 “
178 1097 374 1168 Calliphanam
391 1096 504 1167 puellae
523 1095 600 1150 illius
618 1099 729 1166 patrem
747 1095 835 1151 fuisse
854 1096 987 1166 suspicor.

676 1279 692 1341 Ι

125 1420 160 1469 50
179 1400 239 1468 ST.
264 1401 389 1478 Quaeso
413 1401 539 1486 edepol,
564 1423 627 1485 quo
651 1405 725 1466 anie
748 1395 853 1466 lucens
876 1407 908 1466 ie
932 1402 1040 1468 subita
1064 1403 1164 1488 nupia,

53 1509 56 1516 ’
177 1507 252 1595 Ere,
266 1511 417 1594 eumuno
432 1507 556 1592 puero?
578 1507 646 1572 PH.
661 1507 796 1592 Ne‘queo
812 1530 880 1573 esse
894 1509 991 1594 intus,
1007 1503 1193 1592 stephanio.

178 1614 238 1680 ST.
254 1613 339 1691 Quid
354 1614 424 1679 ita?
446 1613 505 1680 Ph.
524 1613 580 1680 ‘Vt
594 1615 707 1700 solent,
721 1636 772 1680 me
787 1616 881 1680 eures
895 1636 1008 1680 somno
1022 1620 1194 1704 segregant

177 1715 341 1806 Persisque
364 1721 469 1786 noetis
492 1722 635 1786 excitaui
657 1721 795 1787 silentio.
1187 1704 1188 1708 Ἰ

249 1841 409 1896 Priscianus
433 1843 469 1896 de
491 1821 589 1896 metris
613 1855 682 1898 eom.
701 1859 728 1913 p.
752 1845 818 1898 1326
837 1843 867 1898 P.
907 1842 1061 1913 ‘Turpilius
1080 1858 1191 1914 quoque

177 1913 208 1967 in
227 1913 285 1967 suis
304 1913 380 1968 idem
404 1913 475 1968 fauit
497 1913 663 1984 comoediis,
687 1917 719 1968 ui
742 1914 772 1968 in
790 1913 893 1968 Lindia
913 1959 918 1969 .
935 1959 941 1969 .
958 1959 963 1970 .
982 1915 1059 1970 idem
1077 1915 1107 1969 in
1125 1915 1192 1986 Epi·

177 1985 266 2040 eler0:
285 1985 401 2053 quaeso’
422 2001 445 2040 e.
465 2003 491 2054 q.
511 2002 533 2040 1.
572 2006 575 2014 ·

250 2098 265 2145 2
284 2091 333 2145 ΡΗ
357 2092 429 2161 quod
451 2093 483 2146 iu
506 2093 584 2146 libris
606 2093 775 2147 ueteranis
798 2093 905 2160 petiae,
930 2109 951 2146 e.
971 2110 992 2147 c.
1013 2065 1192 2163 Philonsnua

177 2180 260 2234 qaum
277 2159 456 2217 adulescentis
473 2179 571 2217 aaran
588 2157 699 2218 uidetur
791 2161 869 2217 3ST
888 2163 988 2218 addidi
1059 2181 1193 2220 asomno

177 2235 253 2300 Bae,
271 2235 317 2288 red
335 2235 369 2302 ef.
389 2233 470 2288 Arrii
487 2250 511 2288 v.
531 2239 587 2312 5111
655 2239 673 2287 4
691 2232 829 2302 fortisque
847 2233 914 2289 Pur.
934 2234 962 2287 A

669 2401 700 2460 II

177 2520 223 2586 Ni
248 2519 447 2605 Oailliphonis
469 2524 554 2586 nune
577 2525 610 2585 ie
632 2521 763 2585 miseret
785 2519 926 2585 h'berum

249 2640 358 2696 Nonius
377 2647 438 2712 495,
458 2648 491 2696 26
513 2641 751 2696 ‘aecusaiiuus
775 2641 884 2696 numeri
908 2641 1059 2712 singularis
1082 2642 1192 2712 positus

177 2730 228 2784 pro
247 2712 385 2784 genetiuo
398 2712 503 2782 plurali
523 2758 528 2769 .
545 2758 550 2768 .
567 2757 572 2768 .
590 2715 607 2768 .'

249 2819 280 2874 ni
300 2819 376 2874 GP?
395 2818 426 2872 in
444 2841 466 2890 φ
548 2819 688 2874 callifonis
708 2841 729 2875 ω
819 2819 934 2875 miseret
951 2821 1056 2876 ere'us
1073 2819 1193 2874 miserae

178 2891 241 2946 HL
259 2890 360 2945 misere
379 2911 401 2960 φ
819 2893 820 2898 ’

662 3022 709 3080 ΙΠ

9 3157 10 3236 J
127 3159 160 3208 55
180 3141 284 3220 Quam
306 3141 419 3206 mairia
442 3162 528 3206 nune
549 3139 652 3226 patris
674 3161 726 3204 ms
749 3141 918 3206 miseretur
940 3140 1051 3226 magis.

249 3262 358 3318 Nonius
376 3269 438 3332 477,
458 3268 492 3317 14
512 3261 711 3316 ‘miseretur
729 3277 779 3331 pro
798 3261 932 3316 miseret!

250 3385 336 3436 quam
363 3367 462 3423 matris
489 3385 563 3422 nune
590 3367 679 3438 patria
703 3368 811 3424 Aldina
834 3385 919 3436 quam
947 3373 1014 3438 (qua
1033 3363 1078 3437 H)
1106 3365 1192 3422 maris

179 3439 288 3509 (matris
308 3440 362 3510 H1)
385 3443 453 3494 tune
475 3438 565 3510 patris
589 3439 683 3510 (ratris
702 3441 759 3509 Bu)
778 3461 799 3494 a
823 3455 887 3492 eum
905 3437 1004 3508 matris
1023 3441 1085 3492 tum
1101 3439 1191 3508 patris

178 3511 298 3566 Bothius
315 3510 405 3580 patris
424 3528 510 3580 quam
527 3509 625 3564 matris
645 3511 706 3564 tum
723 3511 902 3578 Gruatoffius.
928 3504 985 3564 Pro
999 3511 1047 3566 ailo
1061 3503 1193 3565 librorum

178 3584 247 3644 tune
265 3583 330 3637 olim
348 3579 392 3636 tui
409 3584 451 3638 uel
468 3585 535 3637 tuae
553 3583 718 3638 eoaiuiebum
789 3595 833 3635 me
852 3599 902 3636 om.
923 3581 1024 3636 P¹W¹
1270 3585 1273 3590 '
