<?xml version="1.0" encoding="UTF-8"?>
<!DOCTYPE html PUBLIC "-//W3C//DTD XHTML 1.0 Transitional//EN"
    "http://www.w3.org/TR/xhtml1/DTD/xhtml1-transitional.dtd">
<html xmlns="http://www.w3.org/1999/xhtml" xml:lang="en" lang="en">
 <head>
  <title>
</title>
<meta http-equiv="Content-Type" content="text/html;charset=utf-8" />
  <meta name='ocr-system' content='tesseract 3.04.00' />
  <meta name='ocr-capabilities' content='ocr_page ocr_carea ocr_par ocr_line ocrx_word'/>
</head>
<body>
  <div class='ocr_page' id='page_1' title='image "./scaenicaeromano05ribbgoog_0175.png"; bbox 0 0 2696 3946; ppageno 0'>
   <div class='ocr_carea' id='block_1_1' title="bbox 177 183 762 252">
    <p class='ocr_par' dir='ltr' id='par_1_1' title="bbox 177 183 762 252">
     <span class='ocr_line' id='line_1_1' title="bbox 177 183 762 252; baseline -0.024 0"><span class='ocrx_word' id='word_1_1' title='bbox 177 186 240 252; x_wconf 87' lang='grc'><strong>160</strong></span> <span class='ocrx_word' id='word_1_2' title='bbox 603 183 762 240; x_wconf 86' lang='lat' dir='ltr'><strong>TITIN1VS</strong></span> 
     </span>
    </p>
   </div>
   <div class='ocr_carea' id='block_1_2' title="bbox 173 347 918 436">
    <p class='ocr_par' dir='ltr' id='par_1_2' title="bbox 173 347 918 436">
     <span class='ocr_line' id='line_1_2' title="bbox 173 347 918 436; baseline -0.005 -21"><span class='ocrx_word' id='word_1_3' title='bbox 173 348 224 415; x_wconf 89' lang='lat' dir='ltr'><strong>Ita</strong></span> <span class='ocrx_word' id='word_1_4' title='bbox 247 349 423 414; x_wconf 69' lang='lat' dir='ltr'><strong>ssimitatim</strong></span> <span class='ocrx_word' id='word_1_5' title='bbox 446 348 517 436; x_wconf 82' lang='lat' dir='ltr'><strong>fugi</strong></span> <span class='ocrx_word' id='word_1_6' title='bbox 540 351 638 432; x_wconf 85' lang='lat' dir='ltr'><strong>atquo</strong></span> <span class='ocrx_word' id='word_1_7' title='bbox 661 347 765 434; x_wconf 81' lang='lat' dir='ltr'><strong>effugi</strong></span> <span class='ocrx_word' id='word_1_8' title='bbox 783 351 918 432; x_wconf 81' lang='lat' dir='ltr'><strong>patrem.</strong></span> 
     </span>
    </p>
   </div>
   <div class='ocr_carea' id='block_1_3' title="bbox 175 467 1189 612">
    <p class='ocr_par' dir='ltr' id='par_1_3' title="bbox 175 467 1189 612">
     <span class='ocr_line' id='line_1_3' title="bbox 245 467 1189 540; baseline -0.005 -13"><span class='ocrx_word' id='word_1_9' title='bbox 245 471 388 527; x_wconf 77' lang='lat' dir='ltr'><strong>Charisius</strong></span> <span class='ocrx_word' id='word_1_10' title='bbox 411 489 438 540; x_wconf 88' lang='lat' dir='ltr'><strong>p.</strong></span> <span class='ocrx_word' id='word_1_11' title='bbox 460 474 512 524; x_wconf 82' lang='lat'><strong>194</strong></span> <span class='ocrx_word' id='word_1_12' title='bbox 530 470 560 526; x_wconf 88' lang='lat' dir='ltr'><strong>P.</strong></span> <span class='ocrx_word' id='word_1_13' title='bbox 586 468 793 523; x_wconf 73' lang='lat' dir='ltr'><strong>‘semitatim</strong></span> <span class='ocrx_word' id='word_1_14' title='bbox 811 469 934 524; x_wconf 79' lang='lat' dir='ltr'><strong>Titinius</strong></span> <span class='ocrx_word' id='word_1_15' title='bbox 958 468 989 522; x_wconf 89' lang='lat' dir='ltr'><strong>in</strong></span> <span class='ocrx_word' id='word_1_16' title='bbox 1008 467 1110 524; x_wconf 82' lang='lat' dir='ltr'><strong>Caeco:</strong></span> <span class='ocrx_word' id='word_1_17' title='bbox 1134 467 1189 522; x_wconf 83' lang='lat' dir='ltr'><strong>ita&#39;</strong></span> 
     </span>
     <span class='ocr_line' id='line_1_4' title="bbox 175 560 285 612; baseline -0.009 -13"><span class='ocrx_word' id='word_1_18' title='bbox 175 560 197 599; x_wconf 86' lang='lat' dir='ltr'><strong>o.</strong></span> <span class='ocrx_word' id='word_1_19' title='bbox 218 562 244 612; x_wconf 90' lang='lat' dir='ltr'><strong>q.</strong></span> <span class='ocrx_word' id='word_1_20' title='bbox 265 561 285 598; x_wconf 91' lang='lat' dir='ltr'><strong>s.</strong></span> 
     </span>
    </p>
   </div>
   <div class='ocr_carea' id='block_1_4' title="bbox 245 670 1140 862">
    <p class='ocr_par' dir='ltr' id='par_1_4' title="bbox 245 670 1140 862">
     <span class='ocr_line' id='line_1_5' title="bbox 579 670 785 732; baseline 0.005 -1"><span class='ocrx_word' id='word_1_21' title='bbox 579 670 785 732; x_wconf 84' lang='lat' dir='ltr'><strong>FVLLONIA</strong></span> 
     </span>
     <span class='ocr_line' id='line_1_6' title="bbox 245 787 1140 862; baseline -0.002 -18"><span class='ocrx_word' id='word_1_22' title='bbox 245 791 385 846; x_wconf 75' lang='lat' dir='ltr'><strong>Fvnnorrs</strong></span> <span class='ocrx_word' id='word_1_23' title='bbox 403 789 459 862; x_wconf 83' lang='lat' dir='ltr'>(vel</span> <span class='ocrx_word' id='word_1_24' title='bbox 478 789 630 858; x_wconf 81' lang='lat' dir='ltr'><strong>Fvnnorns)</strong></span> <span class='ocrx_word' id='word_1_25' title='bbox 667 787 707 843; x_wconf 82' lang='lat' dir='ltr'><strong>uf.</strong></span> <span class='ocrx_word' id='word_1_26' title='bbox 727 788 899 842; x_wconf 84' lang='lat' dir='ltr'><strong>Ritsoholius</strong></span> <span class='ocrx_word' id='word_1_27' title='bbox 917 788 1030 858; x_wconf 83' lang='lat' dir='ltr'><strong>Parerg.</strong></span> <span class='ocrx_word' id='word_1_28' title='bbox 1049 789 1062 842; x_wconf 93' lang='lat' dir='ltr'>I</span> <span class='ocrx_word' id='word_1_29' title='bbox 1082 794 1140 842; x_wconf 75' lang='lat'>142.</span> 
     </span>
    </p>
   </div>
   <div class='ocr_carea' id='block_1_5' title="bbox 122 921 999 1114">
    <p class='ocr_par' dir='ltr' id='par_1_5' title="bbox 122 921 999 1114">
     <span class='ocr_line' id='line_1_7' title="bbox 622 921 693 978; baseline 0 0"><span class='ocrx_word' id='word_1_30' title='bbox 622 945 625 952; x_wconf 64' lang='lat'><strong><em>¹</em></strong></span> <span class='ocrx_word' id='word_1_31' title='bbox 677 921 693 978; x_wconf 93' lang='lat' dir='ltr'>I</span> 
     </span>
     <span class='ocr_line' id='line_1_8' title="bbox 122 1022 999 1114; baseline -0.007 -22"><span class='ocrx_word' id='word_1_32' title='bbox 122 1043 156 1092; x_wconf 78' lang='lat'><strong>15</strong></span> <span class='ocrx_word' id='word_1_33' title='bbox 175 1025 247 1114; x_wconf 81' lang='lat' dir='ltr'><strong>Ego</strong></span> <span class='ocrx_word' id='word_1_34' title='bbox 270 1027 323 1090; x_wconf 85' lang='lat' dir='ltr'><strong>rne&#39;</strong></span> <span class='ocrx_word' id='word_1_35' title='bbox 345 1025 530 1090; x_wconf 87' lang='lat' dir='ltr'><strong>mandatam</strong></span> <span class='ocrx_word' id='word_1_36' title='bbox 553 1024 625 1088; x_wconf 80' lang='lat' dir='ltr'><strong>meo</strong></span> <span class='ocrx_word' id='word_1_37' title='bbox 648 1022 720 1087; x_wconf 88' lang='lat' dir='ltr'><strong>uiro</strong></span> <span class='ocrx_word' id='word_1_38' title='bbox 744 1023 827 1086; x_wconf 86' lang='lat' dir='ltr'><strong>malo</strong></span> <span class='ocrx_word' id='word_1_39' title='bbox 850 1022 999 1108; x_wconf 78' lang='lat' dir='ltr'><strong>arbitror,</strong></span> 
     </span>
    </p>
   </div>
   <div class='ocr_carea' id='block_1_6' title="bbox 176 1119 1093 1216">
    <p class='ocr_par' dir='ltr' id='par_1_6' title="bbox 176 1119 1093 1216">
     <span class='ocr_line' id='line_1_9' title="bbox 176 1119 1093 1216; baseline -0.004 -19"><span class='ocrx_word' id='word_1_40' title='bbox 176 1119 239 1211; x_wconf 68' lang='lat' dir='ltr'><strong>Qui</strong></span> <span class='ocrx_word' id='word_1_41' title='bbox 262 1134 331 1196; x_wconf 70' lang='lat' dir='ltr'><strong>rom</strong></span> <span class='ocrx_word' id='word_1_42' title='bbox 355 1129 511 1216; x_wconf 83' lang='lat' dir='ltr'><strong>disperdit</strong></span> <span class='ocrx_word' id='word_1_43' title='bbox 535 1130 568 1194; x_wconf 74' lang='lat' dir='ltr'><strong>a</strong></span> <span class='ocrx_word' id='word_1_44' title='bbox 590 1151 696 1194; x_wconf 82' lang='lat' dir='ltr'><strong>meam</strong></span> <span class='ocrx_word' id='word_1_45' title='bbox 719 1129 828 1194; x_wconf 70' lang='lat' dir='ltr'><strong>dotrim</strong></span> <span class='ocrx_word' id='word_1_46' title='bbox 851 1133 981 1194; x_wconf 81' lang='lat' dir='ltr'><strong>comest.</strong></span> <span class='ocrx_word' id='word_1_47' title='bbox 1089 1204 1093 1210; x_wconf 40' lang='lat'>‚</span> 
     </span>
    </p>
   </div>
   <div class='ocr_carea' id='block_1_7' title="bbox 176 1248 1192 1392">
    <p class='ocr_par' dir='ltr' id='par_1_7' title="bbox 176 1248 1192 1392">
     <span class='ocr_line' id='line_1_10' title="bbox 246 1248 1192 1322; baseline -0.006 -14"><span class='ocrx_word' id='word_1_48' title='bbox 246 1253 355 1308; x_wconf 87' lang='lat' dir='ltr'><strong>Nonius</strong></span> <span class='ocrx_word' id='word_1_49' title='bbox 374 1257 417 1322; x_wconf 76' lang='lat'><strong>81,</strong></span> <span class='ocrx_word' id='word_1_50' title='bbox 434 1257 467 1306; x_wconf 79' lang='lat'><strong>15</strong></span> <span class='ocrx_word' id='word_1_51' title='bbox 488 1252 633 1306; x_wconf 83' lang='lat' dir='ltr'><strong>‘comest</strong></span> <span class='ocrx_word' id='word_1_52' title='bbox 650 1268 701 1320; x_wconf 87' lang='lat' dir='ltr'><strong>pro</strong></span> <span class='ocrx_word' id='word_1_53' title='bbox 721 1249 845 1305; x_wconf 84' lang='lat' dir='ltr'><strong>comedit</strong></span> <span class='ocrx_word' id='word_1_54' title='bbox 864 1295 869 1306; x_wconf 91' lang='lat'>.</span> <span class='ocrx_word' id='word_1_55' title='bbox 887 1250 1053 1306; x_wconf 87' lang='lat' dir='ltr'><strong>..Titinius</strong></span> <span class='ocrx_word' id='word_1_56' title='bbox 1073 1248 1192 1304; x_wconf 87' lang='lat' dir='ltr'><strong>Gemina</strong></span> 
     </span>
     <span class='ocr_line' id='line_1_11' title="bbox 176 1321 776 1392; baseline -0.005 -12"><span class='ocrx_word' id='word_1_57' title='bbox 176 1369 226 1381; x_wconf 93' lang='lat'><strong>...</strong></span> <span class='ocrx_word' id='word_1_58' title='bbox 246 1325 322 1380; x_wconf 86' lang='lat' dir='ltr'><strong>idom</strong></span> <span class='ocrx_word' id='word_1_59' title='bbox 341 1321 560 1379; x_wconf 84' lang='lat' dir='ltr'><strong>Fullonibus:</strong></span> <span class='ocrx_word' id='word_1_60' title='bbox 580 1323 644 1392; x_wconf 82' lang='lat' dir='ltr'><strong>ego’</strong></span> <span class='ocrx_word' id='word_1_61' title='bbox 665 1339 688 1378; x_wconf 84' lang='lat' dir='ltr'><strong>e.</strong></span> <span class='ocrx_word' id='word_1_62' title='bbox 708 1339 734 1390; x_wconf 93' lang='lat' dir='ltr'><strong>q.</strong></span> <span class='ocrx_word' id='word_1_63' title='bbox 755 1339 776 1378; x_wconf 90' lang='lat' dir='ltr'><strong>s.</strong></span> 
     </span>
    </p>
   </div>
   <div class='ocr_carea' id='block_1_8' title="bbox 252 1428 1198 1500">
    <p class='ocr_par' dir='ltr' id='par_1_8' title="bbox 252 1428 1198 1500">
     <span class='ocr_line' id='line_1_12' title="bbox 252 1428 1198 1500; baseline 0 -16"><span class='ocrx_word' id='word_1_64' title='bbox 252 1438 342 1500; x_wconf 75' lang='lat' dir='ltr'><strong>uque</strong></span> <span class='ocrx_word' id='word_1_65' title='bbox 362 1429 403 1484; x_wconf 64' lang='grc' dir='ltr'><strong>Γ]</strong></span> <span class='ocrx_word' id='word_1_66' title='bbox 457 1445 516 1483; x_wconf 84' lang='lat' dir='ltr'><strong>rem</strong></span> <span class='ocrx_word' id='word_1_67' title='bbox 535 1429 616 1484; x_wconf 70' lang='lat' dir='ltr'><strong><em>M</em></strong></span> <span class='ocrx_word' id='word_1_68' title='bbox 630 1445 721 1498; x_wconf 72' lang='lat' dir='ltr'><strong>ronp</strong></span> <span class='ocrx_word' id='word_1_69' title='bbox 776 1445 809 1482; x_wconf 88' lang='lat' dir='ltr'><strong>ao</strong></span> <span class='ocrx_word' id='word_1_70' title='bbox 829 1429 922 1484; x_wconf 71' lang='lat' dir='ltr'><strong>Vrbis.</strong></span> <span class='ocrx_word' id='word_1_71' title='bbox 978 1428 1074 1483; x_wconf 80' lang='lat' dir='ltr'><strong>dotem</strong></span> <span class='ocrx_word' id='word_1_72' title='bbox 1092 1444 1142 1484; x_wconf 83' lang='lat' dir='ltr'><strong>om.</strong></span> <span class='ocrx_word' id='word_1_73' title='bbox 1158 1429 1198 1483; x_wconf 88' lang='lat' dir='ltr'><em>W</em></span> 
     </span>
    </p>
   </div>
   <div class='ocr_carea' id='block_1_9' title="bbox 177 1562 871 1750">
    <p class='ocr_par' dir='ltr' id='par_1_9' title="bbox 177 1562 871 1750">
     <span class='ocr_line' id='line_1_13' title="bbox 668 1562 700 1620; baseline 0 0"><span class='ocrx_word' id='word_1_74' title='bbox 668 1562 700 1620; x_wconf 92' lang='lat' dir='ltr'><strong>H</strong></span> 
     </span>
     <span class='ocr_line' id='line_1_14' title="bbox 177 1662 871 1750; baseline -0.001 -21"><span class='ocrx_word' id='word_1_75' title='bbox 177 1717 183 1730; x_wconf 96' lang='lat'>.</span> <span class='ocrx_word' id='word_1_76' title='bbox 208 1715 214 1730; x_wconf 92' lang='lat'>.</span> <span class='ocrx_word' id='word_1_77' title='bbox 238 1663 450 1749; x_wconf 87' lang='lat' dir='ltr'><strong>iampridem</strong></span> <span class='ocrx_word' id='word_1_78' title='bbox 474 1665 601 1750; x_wconf 69' lang='lat' dir='ltr'><strong>egrossa</strong></span> <span class='ocrx_word' id='word_1_79' title='bbox 623 1667 660 1728; x_wconf 85' lang='lat' dir='ltr'><strong>tu</strong></span> <span class='ocrx_word' id='word_1_80' title='bbox 683 1662 871 1748; x_wconf 80' lang='lat' dir='ltr'><strong>perbitores.</strong></span> 
     </span>
    </p>
   </div>
   <div class='ocr_carea' id='block_1_10' title="bbox 176 1783 1192 1926">
    <p class='ocr_par' dir='ltr' id='par_1_10' title="bbox 176 1783 1192 1926">
     <span class='ocr_line' id='line_1_15' title="bbox 178 1783 1192 1884; baseline -0.001 -45"><span class='ocrx_word' id='word_1_81' title='bbox 178 1858 184 1869; x_wconf 94' lang='lat'>.</span> <span class='ocrx_word' id='word_1_82' title='bbox 240 1785 355 1884; x_wconf 59' lang='lat' dir='ltr'><strong>’Nonius</strong></span> <span class='ocrx_word' id='word_1_83' title='bbox 367 1790 427 1854; x_wconf 82' lang='lat'>153,</span> <span class='ocrx_word' id='word_1_84' title='bbox 439 1791 472 1839; x_wconf 78' lang='lat'><strong>25</strong></span> <span class='ocrx_word' id='word_1_85' title='bbox 493 1784 696 1854; x_wconf 77' lang='lat' dir='ltr'><strong>‘pernitere,</strong></span> <span class='ocrx_word' id='word_1_86' title='bbox 714 1785 806 1855; x_wconf 83' lang='lat' dir='ltr'><strong>parire</strong></span> <span class='ocrx_word' id='word_1_87' title='bbox 822 1784 998 1842; x_wconf 78' lang='lat' dir='ltr'><strong>...Titinius</strong></span> <span class='ocrx_word' id='word_1_88' title='bbox 1017 1783 1192 1838; x_wconf 80' lang='lat' dir='ltr'><strong>Fullonia:</strong></span> 
     </span>
     <span class='ocr_line' id='line_1_16' title="bbox 176 1873 380 1926; baseline 0.005 -15"><span class='ocrx_word' id='word_1_89' title='bbox 176 1875 234 1912; x_wconf 87' lang='lat' dir='ltr'><strong>ram</strong></span> <span class='ocrx_word' id='word_1_90' title='bbox 269 1874 292 1912; x_wconf 84' lang='lat' dir='ltr'><strong>e.</strong></span> <span class='ocrx_word' id='word_1_91' title='bbox 312 1875 338 1926; x_wconf 91' lang='lat' dir='ltr'><strong>q.</strong></span> <span class='ocrx_word' id='word_1_92' title='bbox 359 1873 380 1912; x_wconf 92' lang='lat' dir='ltr'><strong>s.</strong></span> 
     </span>
    </p>
   </div>
   <div class='ocr_carea' id='block_1_11' title="bbox 248 1963 1191 2034">
    <p class='ocr_par' dir='ltr' id='par_1_11' title="bbox 248 1963 1191 2034">
     <span class='ocr_line' id='line_1_17' title="bbox 248 1963 1191 2034; baseline -0.003 -16"><span class='ocrx_word' id='word_1_93' title='bbox 248 1963 296 2020; x_wconf 78' lang='lat' dir='ltr'><strong>Aa</strong></span> <span class='ocrx_word' id='word_1_94' title='bbox 315 1972 422 2034; x_wconf 75' lang='lat' dir='ltr'><strong>egena?</strong></span> <span class='ocrx_word' id='word_1_95' title='bbox 485 1966 518 2018; x_wconf 91' lang='lat' dir='ltr'><strong>tu</strong></span> <span class='ocrx_word' id='word_1_96' title='bbox 536 1963 722 2019; x_wconf 77' lang='lat' dir='ltr'><strong>Neutirohius</strong></span> <span class='ocrx_word' id='word_1_97' title='bbox 740 1966 773 2018; x_wconf 88' lang='lat' dir='ltr'><strong>ut</strong></span> <span class='ocrx_word' id='word_1_98' title='bbox 791 1964 822 2018; x_wconf 84' lang='lat' dir='ltr'><strong><em>E</em></strong></span> <span class='ocrx_word' id='word_1_99' title='bbox 839 1965 889 2017; x_wconf 86' lang='lat' dir='ltr'><strong>aut</strong></span> <span class='ocrx_word' id='word_1_100' title='bbox 908 1983 929 2033; x_wconf 84' lang='grc' dir='ltr'><strong>φ</strong></span> <span class='ocrx_word' id='word_1_101' title='bbox 984 1978 1097 2032; x_wconf 81' lang='lat' dir='ltr'><strong>egressa</strong></span> <span class='ocrx_word' id='word_1_102' title='bbox 1117 1977 1191 2015; x_wconf 84' lang='lat' dir='ltr'><strong>esses</strong></span> 
     </span>
    </p>
   </div>
   <div class='ocr_carea' id='block_1_12' title="bbox 180 2032 1193 2225">
    <p class='ocr_par' dir='ltr' id='par_1_12' title="bbox 180 2032 1193 2225">
     <span class='ocr_line' id='line_1_18' title="bbox 180 2032 1193 2105; baseline -0.005 -15"><span class='ocrx_word' id='word_1_103' title='bbox 180 2037 233 2090; x_wconf 88' lang='lat' dir='ltr'><strong>aut</strong></span> <span class='ocrx_word' id='word_1_104' title='bbox 250 2036 354 2091; x_wconf 77' lang='lat' dir='ltr'><strong>Oaiorss</strong></span> <span class='ocrx_word' id='word_1_105' title='bbox 372 2051 500 2105; x_wconf 81' lang='lat' dir='ltr'><strong>aegroros</strong></span> <span class='ocrx_word' id='word_1_106' title='bbox 520 2037 571 2089; x_wconf 87' lang='lat' dir='ltr'><strong>aut</strong></span> <span class='ocrx_word' id='word_1_107' title='bbox 584 2035 647 2091; x_wconf 77' lang='lat' dir='ltr'><strong>Bao</strong></span> <span class='ocrx_word' id='word_1_108' title='bbox 699 2034 854 2104; x_wconf 86' lang='lat' dir='ltr'><strong>perbitores</strong></span> <span class='ocrx_word' id='word_1_109' title='bbox 872 2033 992 2090; x_wconf 77' lang='lat' dir='ltr'><strong>Bottius</strong></span> <span class='ocrx_word' id='word_1_110' title='bbox 1008 2032 1157 2104; x_wconf 76' lang='lat' dir='ltr'><strong>perbiteris</strong></span> <span class='ocrx_word' id='word_1_111' title='bbox 1172 2053 1193 2086; x_wconf 87' lang='grc' dir='ltr'><em>ω</em></span> 
     </span>
     <span class='ocr_line' id='line_1_19' title="bbox 661 2167 708 2225; baseline 0 0"><span class='ocrx_word' id='word_1_112' title='bbox 661 2167 708 2225; x_wconf 88' lang='lat' dir='ltr'><strong>III</strong></span> 
     </span>
    </p>
   </div>
   <div class='ocr_carea' id='block_1_13' title="bbox 176 2265 1127 2550">
    <p class='ocr_par' dir='ltr' id='par_1_13' title="bbox 176 2265 1127 2550">
     <span class='ocr_line' id='line_1_20' title="bbox 658 2265 1127 2355; baseline 0.004 -25"><span class='ocrx_word' id='word_1_113' title='bbox 658 2265 803 2331; x_wconf 83' lang='lat' dir='ltr'><strong>uideram</strong></span> <span class='ocrx_word' id='word_1_114' title='bbox 826 2288 886 2352; x_wconf 85' lang='lat' dir='ltr'><strong>ego</strong></span> <span class='ocrx_word' id='word_1_115' title='bbox 910 2270 942 2331; x_wconf 86' lang='lat' dir='ltr'><strong>to</strong></span> <span class='ocrx_word' id='word_1_116' title='bbox 965 2266 1127 2355; x_wconf 82' lang='lat' dir='ltr'><strong>uirginem</strong></span> 
     </span>
     <span class='ocr_line' id='line_1_21' title="bbox 176 2372 1033 2458; baseline -0.001 -20"><span class='ocrx_word' id='word_1_117' title='bbox 176 2373 398 2455; x_wconf 73' lang='lat' dir='ltr'><strong>Formonsam</strong></span> <span class='ocrx_word' id='word_1_118' title='bbox 420 2372 476 2436; x_wconf 85' lang='lat' dir='ltr'><strong>sed</strong></span> <span class='ocrx_word' id='word_1_119' title='bbox 498 2373 616 2458; x_wconf 88' lang='lat' dir='ltr'><strong>sp6nso</strong></span> <span class='ocrx_word' id='word_1_120' title='bbox 639 2372 810 2456; x_wconf 67' lang='lat' dir='ltr'><strong>suporbam</strong></span> <span class='ocrx_word' id='word_1_121' title='bbox 829 2393 906 2457; x_wconf 84' lang='lat' dir='ltr'><strong>esse,</strong></span> <span class='ocrx_word' id='word_1_122' title='bbox 928 2372 1033 2437; x_wconf 77' lang='lat' dir='ltr'><strong>forma</strong></span> 
     </span>
     <span class='ocr_line' id='line_1_22' title="bbox 177 2479 394 2550; baseline -0.009 -6"><span class='ocrx_word' id='word_1_123' title='bbox 177 2479 338 2544; x_wconf 73' lang='lat' dir='ltr'><strong>Ferocem.</strong></span> <span class='ocrx_word' id='word_1_124' title='bbox 391 2544 394 2550; x_wconf 74' lang='grc'>,</span> 
     </span>
    </p>
   </div>
   <div class='ocr_carea' id='block_1_14' title="bbox 177 2599 1193 2741">
    <p class='ocr_par' dir='ltr' id='par_1_14' title="bbox 177 2599 1193 2741">
     <span class='ocr_line' id='line_1_23' title="bbox 247 2599 1193 2668; baseline 0.001 -15"><span class='ocrx_word' id='word_1_125' title='bbox 247 2599 357 2654; x_wconf 87' lang='lat' dir='ltr'><strong>Nonius</strong></span> <span class='ocrx_word' id='word_1_126' title='bbox 376 2604 438 2668; x_wconf 82' lang='lat'>305,</span> <span class='ocrx_word' id='word_1_127' title='bbox 457 2606 473 2654; x_wconf 74' lang='grc'>2</span> <span class='ocrx_word' id='word_1_128' title='bbox 494 2599 610 2654; x_wconf 69' lang='lat' dir='ltr'><strong>‘ferox</strong></span> <span class='ocrx_word' id='word_1_129' title='bbox 629 2617 691 2654; x_wconf 87' lang='lat' dir='ltr'><strong>sum</strong></span> <span class='ocrx_word' id='word_1_130' title='bbox 713 2600 764 2654; x_wconf 85' lang='lat' dir='ltr'><strong>illa</strong></span> <span class='ocrx_word' id='word_1_131' title='bbox 790 2617 820 2654; x_wconf 88' lang='lat' dir='ltr'><strong>re</strong></span> <span class='ocrx_word' id='word_1_132' title='bbox 839 2599 944 2655; x_wconf 82' lang='lat' dir='ltr'><strong>dicitur</strong></span> <span class='ocrx_word' id='word_1_133' title='bbox 961 2603 993 2655; x_wconf 85' lang='lat' dir='ltr'><strong>ut</strong></span> <span class='ocrx_word' id='word_1_134' title='bbox 1011 2600 1063 2655; x_wconf 92' lang='lat' dir='ltr'><strong>illa</strong></span> <span class='ocrx_word' id='word_1_135' title='bbox 1081 2617 1111 2655; x_wconf 82' lang='lat' dir='ltr'><strong>ro</strong></span> <span class='ocrx_word' id='word_1_136' title='bbox 1131 2619 1193 2654; x_wconf 91' lang='lat' dir='ltr'><strong>sum</strong></span> 
     </span>
     <span class='ocr_line' id='line_1_24' title="bbox 177 2670 1192 2741; baseline 0.001 -16"><span class='ocrx_word' id='word_1_137' title='bbox 177 2672 266 2726; x_wconf 80' lang='lat' dir='ltr'><strong>fretus</strong></span> <span class='ocrx_word' id='word_1_138' title='bbox 284 2671 331 2725; x_wconf 87' lang='lat' dir='ltr'><strong>uel</strong></span> <span class='ocrx_word' id='word_1_139' title='bbox 350 2687 494 2741; x_wconf 74' lang='lat' dir='ltr'>arrogans.</span> <span class='ocrx_word' id='word_1_140' title='bbox 530 2670 653 2725; x_wconf 79' lang='lat' dir='ltr'><strong>Titinius</strong></span> <span class='ocrx_word' id='word_1_141' title='bbox 671 2671 894 2727; x_wconf 85' lang='lat' dir='ltr'><strong>Fullonibus:</strong></span> <span class='ocrx_word' id='word_1_142' title='bbox 921 2671 1060 2727; x_wconf 84' lang='lat' dir='ltr'><strong>uideram’</strong></span> <span class='ocrx_word' id='word_1_143' title='bbox 1081 2689 1104 2726; x_wconf 85' lang='lat' dir='ltr'><strong>e.</strong></span> <span class='ocrx_word' id='word_1_144' title='bbox 1124 2689 1151 2740; x_wconf 93' lang='lat' dir='ltr'><strong>q.</strong></span> <span class='ocrx_word' id='word_1_145' title='bbox 1170 2690 1192 2726; x_wconf 89' lang='lat' dir='ltr'><strong>s.</strong></span> 
     </span>
    </p>
   </div>
   <div class='ocr_carea' id='block_1_15' title="bbox 173 2777 1193 3135">
    <p class='ocr_par' dir='ltr' id='par_1_15' title="bbox 173 2777 1193 3135">
     <span class='ocr_line' id='line_1_25' title="bbox 250 2777 1192 2849; baseline 0 -18"><span class='ocrx_word' id='word_1_146' title='bbox 250 2784 266 2831; x_wconf 80' lang='lat'>2</span> <span class='ocrx_word' id='word_1_147' title='bbox 285 2777 457 2832; x_wconf 74' lang='lat' dir='ltr'><strong>formonsum</strong></span> <span class='ocrx_word' id='word_1_148' title='bbox 474 2777 561 2832; x_wconf 78' lang='lat' dir='ltr'>G¹L¹</span> <span class='ocrx_word' id='word_1_149' title='bbox 578 2777 731 2832; x_wconf 81' lang='lat' dir='ltr'><strong>formosam</strong></span> <span class='ocrx_word' id='word_1_150' title='bbox 748 2799 770 2848; x_wconf 85' lang='grc' dir='ltr'><strong><em>φ</em></strong></span> <span class='ocrx_word' id='word_1_151' title='bbox 897 2779 947 2832; x_wconf 85' lang='lat' dir='ltr'><strong>sod</strong></span> <span class='ocrx_word' id='word_1_152' title='bbox 965 2780 1065 2849; x_wconf 75' lang='lat' dir='ltr'><strong>scripsi</strong></span> <span class='ocrx_word' id='word_1_153' title='bbox 1082 2794 1142 2832; x_wconf 83' lang='lat' dir='ltr'><strong>esse</strong></span> <span class='ocrx_word' id='word_1_154' title='bbox 1161 2799 1192 2848; x_wconf 86' lang='grc' dir='ltr'><strong>ω,</strong></span> 
     </span>
     <span class='ocr_line' id='line_1_26' title="bbox 177 2849 1191 2922; baseline 0.002 -18"><span class='ocrx_word' id='word_1_155' title='bbox 177 2850 250 2922; x_wconf 79' lang='lat' dir='ltr'><strong>quod</strong></span> <span class='ocrx_word' id='word_1_156' title='bbox 268 2850 382 2904; x_wconf 68' lang='lat' dir='ltr'><strong>librator</strong></span> <span class='ocrx_word' id='word_1_157' title='bbox 399 2856 514 2905; x_wconf 77' lang='lat' dir='ltr'><strong>terrerem</strong></span> <span class='ocrx_word' id='word_1_158' title='bbox 577 2865 681 2917; x_wconf 88' lang='lat' dir='ltr'><strong>sponsa</strong></span> <span class='ocrx_word' id='word_1_159' title='bbox 699 2849 739 2902; x_wconf 84' lang='lat' dir='ltr'><strong>L¹</strong></span> <span class='ocrx_word' id='word_1_160' title='bbox 804 2865 864 2903; x_wconf 87' lang='lat' dir='ltr'><strong>esse</strong></span> <span class='ocrx_word' id='word_1_161' title='bbox 883 2851 1034 2919; x_wconf 87' lang='lat' dir='ltr'><strong>superbam</strong></span> <span class='ocrx_word' id='word_1_162' title='bbox 1051 2871 1082 2918; x_wconf 84' lang='lat' dir='ltr'><strong>o,</strong></span> <span class='ocrx_word' id='word_1_163' title='bbox 1101 2857 1191 2906; x_wconf 76' lang='lat' dir='ltr'><strong>tram·</strong></span> 
     </span>
     <span class='ocr_line' id='line_1_27' title="bbox 173 2920 1192 2992; baseline 0.001 -16"><span class='ocrx_word' id='word_1_164' title='bbox 173 2922 258 2992; x_wconf 80' lang='lat' dir='ltr'><strong>posui</strong></span> <span class='ocrx_word' id='word_1_165' title='bbox 342 2921 484 2989; x_wconf 68' lang='lat' dir='ltr'><strong>Tempanio</strong></span> <span class='ocrx_word' id='word_1_166' title='bbox 500 2920 581 2975; x_wconf 77' lang='lat' dir='ltr'><strong>vario</strong></span> <span class='ocrx_word' id='word_1_167' title='bbox 599 2927 677 2987; x_wconf 75' lang='lat' dir='ltr'><strong>sumt,</strong></span> <span class='ocrx_word' id='word_1_168' title='bbox 700 2921 747 2975; x_wconf 80' lang='lat' dir='ltr'><strong>sed</strong></span> <span class='ocrx_word' id='word_1_169' title='bbox 769 2923 935 2989; x_wconf 79' lang='lat' dir='ltr'><strong>audaciora,</strong></span> <span class='ocrx_word' id='word_1_170' title='bbox 958 2939 1020 2977; x_wconf 79' lang='lat' dir='ltr'><strong>oron</strong></span> <span class='ocrx_word' id='word_1_171' title='bbox 1038 2940 1057 2978; x_wconf 84' lang='grc' dir='ltr'><em>α</em></span> <span class='ocrx_word' id='word_1_172' title='bbox 1074 2939 1116 2976; x_wconf 75' lang='lat' dir='ltr'><strong>me</strong></span> <span class='ocrx_word' id='word_1_173' title='bbox 1133 2929 1192 2977; x_wconf 76' lang='lat' dir='ltr'><strong>tum</strong></span> 
     </span>
     <span class='ocr_line' id='line_1_28' title="bbox 177 2991 1193 3064; baseline 0.001 -17"><span class='ocrx_word' id='word_1_174' title='bbox 177 2994 212 3048; x_wconf 85' lang='lat' dir='ltr'><strong>ab</strong></span> <span class='ocrx_word' id='word_1_175' title='bbox 230 2993 312 3046; x_wconf 77' lang='lat' dir='ltr'><strong>aliis:</strong></span> <span class='ocrx_word' id='word_1_176' title='bbox 331 2993 456 3047; x_wconf 79' lang='lat' dir='ltr'><strong>baroteos</strong></span> <span class='ocrx_word' id='word_1_177' title='bbox 473 2991 585 3062; x_wconf 78' lang='lat' dir='ltr'><strong>oprwoit</strong></span> <span class='ocrx_word' id='word_1_178' title='bbox 601 2991 746 3059; x_wconf 61' lang='lat' dir='ltr'><strong>Varamos,</strong></span> <span class='ocrx_word' id='word_1_179' title='bbox 764 2993 812 3046; x_wconf 80' lang='lat' dir='ltr'><strong>sed</strong></span> <span class='ocrx_word' id='word_1_180' title='bbox 829 2994 941 3064; x_wconf 69' lang='lat' dir='ltr'><strong>stapulo</strong></span> <span class='ocrx_word' id='word_1_181' title='bbox 955 2995 1043 3062; x_wconf 79' lang='lat' dir='ltr'><strong>paulo</strong></span> <span class='ocrx_word' id='word_1_182' title='bbox 1061 2994 1143 3049; x_wconf 78' lang='lat' dir='ltr'><strong>aliter</strong></span> <span class='ocrx_word' id='word_1_183' title='bbox 1161 3000 1193 3048; x_wconf 81' lang='lat' dir='ltr'><strong>ut</strong></span> 
     </span>
     <span class='ocr_line' id='line_1_29' title="bbox 178 3059 978 3135; baseline -0.004 -16"><span class='ocrx_word' id='word_1_184' title='bbox 178 3065 360 3130; x_wconf 75' lang='lat' dir='ltr'><strong>conformaret</strong></span> <span class='ocrx_word' id='word_1_185' title='bbox 378 3061 539 3131; x_wconf 85' lang='lat' dir='ltr'><strong>(formosam</strong></span> <span class='ocrx_word' id='word_1_186' title='bbox 554 3061 558 3135; x_wconf 78' lang='grc' dir='ltr'>Ι</span> <span class='ocrx_word' id='word_1_187' title='bbox 575 3059 643 3116; x_wconf 86' lang='lat' dir='ltr'><strong>Esse</strong></span> <span class='ocrx_word' id='word_1_188' title='bbox 663 3063 765 3131; x_wconf 81' lang='lat' dir='ltr'><strong>sponso</strong></span> <span class='ocrx_word' id='word_1_189' title='bbox 785 3079 815 3132; x_wconf 91' lang='lat' dir='ltr'><strong>s.‚</strong></span> <span class='ocrx_word' id='word_1_190' title='bbox 834 3079 895 3117; x_wconf 81' lang='lat' dir='ltr'><strong>osso</strong></span> <span class='ocrx_word' id='word_1_191' title='bbox 913 3063 932 3117; x_wconf 90' lang='lat' dir='ltr'><strong>f.</strong></span> <span class='ocrx_word' id='word_1_192' title='bbox 948 3063 978 3133; x_wconf 88' lang='lat' dir='ltr'><strong>f.)</strong></span> 
     </span>
    </p>
   </div>
   <div class='ocr_carea' id='block_1_16' title="bbox 120 3195 1008 3385">
    <p class='ocr_par' dir='ltr' id='par_1_16' title="bbox 120 3195 1008 3385">
     <span class='ocr_line' id='line_1_30' title="bbox 663 3195 707 3254; baseline 0 0"><span class='ocrx_word' id='word_1_193' title='bbox 663 3195 707 3254; x_wconf 91' lang='lat' dir='ltr'><strong>IV</strong></span> 
     </span>
     <span class='ocr_line' id='line_1_31' title="bbox 120 3293 1008 3385; baseline 0.003 -25"><span class='ocrx_word' id='word_1_194' title='bbox 120 3311 159 3360; x_wconf 77' lang='lat' dir='ltr'><strong>uo</strong></span> <span class='ocrx_word' id='word_1_195' title='bbox 178 3293 305 3359; x_wconf 74' lang='lat' dir='ltr'><strong>Intrirea</strong></span> <span class='ocrx_word' id='word_1_196' title='bbox 328 3295 429 3361; x_wconf 83' lang='lat' dir='ltr'><strong>fetida</strong></span> <span class='ocrx_word' id='word_1_197' title='bbox 450 3296 557 3362; x_wconf 72' lang='lat' dir='ltr'><strong>inimo</strong></span> <span class='ocrx_word' id='word_1_198' title='bbox 579 3320 693 3363; x_wconf 88' lang='lat' dir='ltr'><strong>nasum</strong></span> <span class='ocrx_word' id='word_1_199' title='bbox 717 3301 884 3385; x_wconf 74' lang='lat' dir='ltr'><strong>oppugnat</strong></span> <span class='ocrx_word' id='word_1_200' title='bbox 909 3349 915 3362; x_wconf 95' lang='lat'>.</span> <span class='ocrx_word' id='word_1_201' title='bbox 939 3349 946 3362; x_wconf 91' lang='lat'>.</span> <span class='ocrx_word' id='word_1_202' title='bbox 971 3349 977 3363; x_wconf 90' lang='lat'>.</span> <span class='ocrx_word' id='word_1_203' title='bbox 1002 3350 1008 3363; x_wconf 94' lang='lat'>.</span> 
     </span>
    </p>
   </div>
   <div class='ocr_carea' id='block_1_17' title="bbox 250 3415 1191 3486">
    <p class='ocr_par' dir='ltr' id='par_1_17' title="bbox 250 3415 1191 3486">
     <span class='ocr_line' id='line_1_32' title="bbox 250 3415 1191 3486; baseline 0.009 -18"><span class='ocrx_word' id='word_1_204' title='bbox 250 3415 358 3469; x_wconf 88' lang='lat' dir='ltr'><strong>Nonius</strong></span> <span class='ocrx_word' id='word_1_205' title='bbox 383 3422 483 3486; x_wconf 82' lang='grc'><strong>233,4</strong></span> <span class='ocrx_word' id='word_1_206' title='bbox 509 3417 637 3473; x_wconf 79' lang='lat' dir='ltr'><strong>‘anima</strong></span> <span class='ocrx_word' id='word_1_207' title='bbox 659 3437 770 3473; x_wconf 90' lang='lat' dir='ltr'><strong>rursum</strong></span> <span class='ocrx_word' id='word_1_208' title='bbox 797 3419 882 3474; x_wconf 88' lang='lat' dir='ltr'><strong>alitus</strong></span> <span class='ocrx_word' id='word_1_209' title='bbox 911 3419 966 3473; x_wconf 88' lang='lat' dir='ltr'><strong>oris</strong></span> <span class='ocrx_word' id='word_1_210' title='bbox 995 3423 1024 3474; x_wconf 85' lang='lat' dir='ltr'><strong>ot</strong></span> <span class='ocrx_word' id='word_1_211' title='bbox 1052 3421 1191 3476; x_wconf 87' lang='lat' dir='ltr'><strong>odor...</strong></span> 
     </span>
    </p>
   </div>
   <div class='ocr_carea' id='block_1_18' title="bbox 178 3485 1191 3627">
    <p class='ocr_par' dir='ltr' id='par_1_18' title="bbox 178 3485 1191 3627">
     <span class='ocr_line' id='line_1_33' title="bbox 179 3485 1191 3627; baseline 0.009 -88"><span class='ocrx_word' id='word_1_212' title='bbox 179 3485 301 3610; x_wconf 39' lang='lat' dir='ltr'><strong>Tissinfflus</strong></span> <span class='ocrx_word' id='word_1_213' title='bbox 318 3487 549 3627; x_wconf 72' lang='lat' dir='ltr'><strong>)Fullonibus:</strong></span> <span class='ocrx_word' id='word_1_214' title='bbox 576 3489 696 3545; x_wconf 87' lang='lat' dir='ltr'><strong>interea&#39;</strong></span> <span class='ocrx_word' id='word_1_215' title='bbox 717 3506 740 3545; x_wconf 83' lang='lat' dir='ltr'><strong>e.</strong></span> <span class='ocrx_word' id='word_1_216' title='bbox 760 3507 786 3558; x_wconf 91' lang='lat' dir='ltr'><strong>q.</strong></span> <span class='ocrx_word' id='word_1_217' title='bbox 806 3507 827 3544; x_wconf 90' lang='lat' dir='ltr'><strong>s.</strong></span> <span class='ocrx_word' id='word_1_218' title='bbox 855 3489 1010 3560; x_wconf 86' lang='lat' dir='ltr'><strong>(titinius</strong></span> <span class='ocrx_word' id='word_1_219' title='bbox 1036 3507 1090 3546; x_wconf 88' lang='lat' dir='ltr'><strong>om.</strong></span> <span class='ocrx_word' id='word_1_220' title='bbox 1109 3491 1191 3548; x_wconf 86' lang='lat' dir='ltr'><strong>Born.</strong></span> 
     </span>
     <span class='ocr_line' id='line_1_34' title="bbox 178 3573 316 3610; baseline 0 0"><span class='ocrx_word' id='word_1_221' title='bbox 178 3573 197 3610; x_wconf 88' lang='lat' dir='ltr'><strong>a</strong></span> <span class='ocrx_word' id='word_1_222' title='bbox 276 3575 316 3610; x_wconf 89' lang='lat' dir='ltr'><strong>ur.</strong></span> 
     </span>
    </p>
   </div>
   <div class='ocr_carea' id='block_1_19' title="bbox 0 0 1358 3946">
    <p class='ocr_par' dir='ltr' id='par_1_19' title="bbox 0 0 1358 3946">
     <span class='ocr_line' id='line_1_35' title="bbox 0 0 1358 3946; baseline 0 0"><span class='ocrx_word' id='word_1_223' title='bbox 0 0 1358 3946; x_wconf 95' lang='lat' dir='ltr'><strong> </strong></span> 
     </span>
    </p>
   </div>
  </div>
 </body>
</html>
