2694 3952
547 188 577 242 1.
595 187 778 242 1111111111
1105 189 1170 254 259

156 350 316 417 usurpaurt,
341 347 391 401 sed
409 347 558 402 Afranium
581 347 720 418 sequitur,
744 347 793 416 qui
817 348 847 402 in
869 349 1013 419 prologo
1035 365 1074 403 ex
1096 366 1171 419 per-

156 437 239 473 sona
258 419 376 489 Priapi
394 419 449 474 ait:
468 421 545 474 nam’
561 435 584 474 e.
600 437 627 487 q.
643 438 666 490 s..

639 553 686 611 III

157 651 238 718 Cum
262 653 302 716 ad
325 654 398 717 med
422 654 549 738 expiras
572 655 604 717 a
627 653 780 718 fabellare
803 653 939 739 incepis,

155 760 207 824 Ex
230 762 284 824 dre
307 761 354 824 mi
377 761 478 825 oculis
500 761 554 826 tur'
573 761 709 826 bibones
731 761 888 825 inuolant.
1171 784 1224 856 405

226 881 350 936 Isidorus
375 882 450 952 Orig.
470 883 521 936 XII
544 888 627 952 8,16
657 882 833 937 ‘bibiones
862 885 940 951 sunt,
969 882 1019 950 qui
1045 881 1076 935 in
1103 881 1171 936 uino

155 955 322 1021 nascuntur,
351 971 421 1021 quos
448 954 535 1023 uulgo
562 954 718 1036 mustiones
746 971 763 1008 a
788 956 881 1007 musto
910 953 1068 1023 appellant,
1096 954 1172 1008 unde

155 1059 302 1115 Afranius:
326 1061 378 1113 ad’
404 1077 427 1114 e.
447 1077 473 1128 q.
494 1078 515 1114 s.
552 1037 727 1130 (bibbnes,
756 1077 893 1130 suprascr.
913 1060 923 1112 i
947 1078 983 1114 m.
1004 1066 1032 1128 2,
1060 1060 1170 1115 Monac.

155 1130 350 1184 musciones
369 1131 511 1186 Wolfenb.
531 1131 618 1202 Mon.)
654 1131 815 1185 Thesaurus
838 1149 902 1185 nov.
921 1131 983 1186 Lat.
1007 1131 1037 1184 in
1060 1134 1092 1185 A.
1113 1131 1172 1186 Mai

156 1204 230 1256 auct.
246 1201 328 1256 class.
342 1202 408 1256 VIII
427 1208 460 1256 67
482 1202 543 1256 ‘hic
567 1203 648 1272 bibo,
671 1203 716 1256 nis
737 1202 780 1256 ·i·
803 1202 853 1256 ille
877 1202 926 1270 qui
948 1201 1070 1256 multum
1087 1201 1171 1272 bibit,

155 1275 185 1326 et
212 1273 284 1343 plur.
309 1273 467 1342 bibones,
495 1291 544 1328 um
571 1274 617 1326 ·i-
645 1273 793 1328 uermiculi
819 1273 919 1326 uinum
947 1277 1171 1344 supernatantes,

154 1345 230 1398 unde
253 1344 400 1400 Afranius:
424 1362 488 1398 cum
511 1346 548 1398 ad
570 1347 631 1399 me'
652 1362 674 1400 e.
691 1363 716 1413 q.
733 1363 754 1400 s.
792 1345 913 1415 (ibidem
935 1363 962 1414 p.
979 1350 1012 1398 77
1036 1344 1170 1399 ‘bibones

155 1415 204 1483 qui
226 1415 347 1470 multum
370 1415 474 1470 bibunt
497 1457 525 1473 ..
549 1416 723 1486 bibiones,
747 1415 895 1470 uermiculi
916 1415 965 1484 qui
987 1419 1172 1485 supernatant

155 1487 277 1558 uinum')
319 1485 358 1541 of.
378 1487 491 1556 Vopisc.
512 1487 578 1541 XXI
606 1487 739 1542 Consobr.
758 1487 785 1541 H
811 1486 961 1542 Menandri
986 1487 1108 1558 Θεττάλη
1132 1487 1171 1542 III

155 1558 198 1626 (fr.
214 1565 265 1612 229
280 1557 337 1629 Κ.);
361 1557 443 1627 ὄζεις,
463 1557 594 1629 Ispicvi’,
614 1559 692 1614 οἴνου
710 1559 790 1614 πολύ.

227 1661 241 1708 1
262 1673 325 1710 curn
344 1656 382 1710 ad
399 1657 465 1713 med
483 1656 593 1726 expiras
614 1659 643 1710 et
665 1659 765 1727 scripsi
787 1673 850 1710 curn
869 1657 906 1710 ad
927 1673 971 1710 me
991 1655 1122 1726 expectas
1141 1659 1171 1711 et

154 1727 261 1782 Isidori
276 1728 389 1782 Monac.
409 1745 473 1782 cum
492 1745 509 1782 a
526 1745 571 1782 me
591 1732 722 1798 expectas
742 1731 771 1783 et
789 1729 921 1796 Weiscrcb.
942 1745 1006 1781 cum
1025 1745 1042 1781 a
1060 1743 1105 1780 me
1124 1743 1170 1781 ex·

154 1801 251 1866 pectas
274 1801 317 1852 set
337 1799 465 1855 Gerrncrc.
490 1816 553 1852 cunr
577 1801 754 1868 expectasset
772 1817 789 1853 a
807 1815 852 1852 me
871 1799 937 1854 Por.
954 1804 1040 1852 10291
1060 1800 1170 1868 (quibus

153 1871 198 1924 hic
211 1871 279 1925 ordo
297 1887 361 1924 cum
375 1869 486 1939 expiras
501 1871 537 1924 ad
556 1871 622 1925 med
641 1873 670 1924 et
688 1872 820 1941 traditur)
840 1887 903 1923 cum
917 1869 1013 1924 adme
1028 1871 1168 1938 expectas,

155 1957 204 1994 cm.
225 1943 265 2010 et,
289 1943 433 1997 thesaurus
451 1941 488 1996 ad
508 1958 553 1995 me
572 1959 636 1996 cum
655 1945 765 2011 spectas
785 1944 814 1996 et
834 1941 961 1996 Griciius
1032 1939 1169 1995 fabellare

153 2014 252 2081 scripsi
270 2012 398 2067 fabulare
413 2014 519 2068 Isidori
533 2014 666 2082 Wolsecb.
681 2014 793 2068 Monac.
813 2012 941 2066 fabulare
960 2032 982 2080 φ
1002 2011 1097 2080 eloqui
1115 2014 1169 2066 the·

153 2101 255 2138 scruas
268 2083 448 2152 fabularique
460 2084 586 2140 Griciius
648 2083 756 2154 incepis
769 2085 897 2140 German.
912 2082 1020 2152 incipes
1034 2083 1167 2150 Woifcrrb.

154 2155 266 2210 Monac.
286 2154 388 2224 incipis
404 2156 480 2222 Par,
499 2157 709 2210 oscitamus
781 2161 796 2209 2
816 2154 855 2207 mi
874 2153 963 2209 oculis
981 2153 1025 2208 tui
1044 2155 1095 2224 (cci
1108 2156 1169 2223 tuo)

153 2227 253 2294 scripsi
274 2225 305 2278 in
328 2225 417 2280 oculis
436 2226 534 2297 (ocolis
553 2228 698 2296 Woifcrrb.)
720 2226 778 2280 tuis
797 2229 841 2296 (m.
857 2231 872 2278 2
891 2241 1028 2295 suprascr
1043 2226 1168 2296 Monac.)

153 2298 259 2352 Isidori
279 2318 300 2351 ω
323 2296 353 2350 in
377 2297 472 2350 oculos
495 2301 559 2352 tuos
582 2299 726 2353 thesaurus
747 2297 778 2350 in
802 2296 897 2350 oculos
920 2299 970 2350 tuo
993 2298 1167 2352 coricccrcm.

155 2367 196 2434 Of.
217 2369 308 2423 coroli.
328 2367 467 2422 LXXVIII
556 2368 698 2438 bibiones,
722 2368 733 2422 i
752 2376 822 2438 post.
842 2383 923 2436 eros.,
947 2368 1073 2437 Monac,
1097 2369 1169 2422 iilud

152 2440 269 2505 sonasse
286 2439 386 2493 rectius

638 2535 682 2594 IV
740 2619 890 2684 uxorium
913 2619 1000 2682 istud
1023 2618 1168 2682 toxicum

154 2705 268 2770 Mlttas

225 2810 324 2864 Festus
343 2828 369 2880 p.
385 2816 437 2865 355
456 2812 493 2867 M.
515 2811 681 2867 ‘toxicum
705 2811 808 2866 dicitur
831 2810 1001 2882 cerua[rium
1019 2826 1166 2880 uenenum,

153 2883 221 2954 quo]
247 2882 364 2950 quidam
390 2899 544 2954 perungere
573 2883 706 2956 sagitta[s
734 2882 810 2937 soliti
839 2884 924 2955 sunt]
971 2880 1109 2936 Caecilius
1137 2881 1167 2935 in

154 2953 243 3007 Gamo
262 2986 297 2994 —
316 2986 350 2994 -
369 2954 452 3008 Afra
471 2997 699 3011 ...........
719 2954 875 3008 uxorium
897 2953 991 3007 istud
1014 2953 1168 3007 toxicum

153 3023 215 3078 mit
234 3069 239 3078 .
257 3068 261 3079 .
279 3026 296 3079 .’
336 3025 526 3094 (Affranius
550 3025 706 3080 uxorium
728 3025 823 3079 istud
845 3025 997 3079 toxicum
1013 3041 1067 3078 nec
1085 3023 1167 3092 quid-

153 3113 239 3163 quam
257 3098 403 3166 praeterea
420 3096 528 3152 Vaticc.
547 3097 607 3167 RS)
644 3097 684 3152 cf.
699 3095 811 3167 Vopisc.
826 3096 884 3150 XX.

226 3200 241 3248 2
259 3193 343 3247 mites
361 3194 620 3268 <habes1mores>
636 3212 715 3266 prop.
731 3195 794 3250 Bac

645 3345 673 3403 V

154 3445 226 3510 Heri
245 3469 296 3510 me
315 3446 481 3511 miserum!
502 3484 543 3492 -
562 3443 648 3510 Dum
667 3445 763 3511 modo
783 3446 890 3511 doleat
908 3445 1039 3532 siliquid,
1061 3447 1167 3512 doleat

740 3552 818 3637 quid
841 3554 940 3618 lubet.

953 3658 1005 3712 17·
