<?xml version="1.0" encoding="UTF-8"?>
<!DOCTYPE html PUBLIC "-//W3C//DTD XHTML 1.0 Transitional//EN"
    "http://www.w3.org/TR/xhtml1/DTD/xhtml1-transitional.dtd">
<html xmlns="http://www.w3.org/1999/xhtml" xml:lang="en" lang="en">
 <head>
  <title>
</title>
<meta http-equiv="Content-Type" content="text/html;charset=utf-8" />
  <meta name='ocr-system' content='tesseract 3.04.00' />
  <meta name='ocr-capabilities' content='ocr_page ocr_carea ocr_par ocr_line ocrx_word'/>
</head>
<body>
  <div class='ocr_page' id='page_1' title='image "./scaenicaeromano05ribbgoog_0396.png"; bbox 0 0 2674 3950; ppageno 0'>
   <div class='ocr_carea' id='block_1_1' title="bbox 282 201 1131 269">
    <p class='ocr_par' dir='ltr' id='par_1_1' title="bbox 282 201 1131 269">
     <span class='ocr_line' id='line_1_1' title="bbox 282 201 1131 269; baseline 0.002 -12"><span class='ocrx_word' id='word_1_1' title='bbox 282 201 550 258; x_wconf 84' lang='lat' dir='ltr'>ANONYMORVM</span> <span class='ocrx_word' id='word_1_2' title='bbox 569 201 749 256; x_wconf 87' lang='lat' dir='ltr'>MIMORVM</span> <span class='ocrx_word' id='word_1_3' title='bbox 766 201 964 267; x_wconf 81' lang='lat' dir='ltr'>RELIQVIAE</span> <span class='ocrx_word' id='word_1_4' title='bbox 1067 205 1131 269; x_wconf 78' lang='grc'>381</span> 
     </span>
    </p>
   </div>
   <div class='ocr_carea' id='block_1_2' title="bbox 114 361 1133 590">
    <p class='ocr_par' dir='ltr' id='par_1_2' title="bbox 114 361 1133 590">
     <span class='ocr_line' id='line_1_2' title="bbox 114 361 1133 434; baseline -0.002 -14"><span class='ocrx_word' id='word_1_5' title='bbox 114 365 196 420; x_wconf 92' lang='lat' dir='ltr'>libris</span> <span class='ocrx_word' id='word_1_6' title='bbox 215 363 362 434; x_wconf 80' lang='lat' dir='ltr'>Sibyllinis</span> <span class='ocrx_word' id='word_1_7' title='bbox 381 366 411 417; x_wconf 88' lang='lat' dir='ltr'>ct</span> <span class='ocrx_word' id='word_1_8' title='bbox 429 361 565 416; x_wconf 89' lang='lat' dir='ltr'>uaticinio</span> <span class='ocrx_word' id='word_1_9' title='bbox 584 361 684 415; x_wconf 89' lang='lat' dir='ltr'>Marcii</span> <span class='ocrx_word' id='word_1_10' title='bbox 702 361 777 415; x_wconf 89' lang='lat' dir='ltr'>uatis</span> <span class='ocrx_word' id='word_1_11' title='bbox 796 361 953 431; x_wconf 89' lang='lat' dir='ltr'>institutos,</span> <span class='ocrx_word' id='word_1_12' title='bbox 972 381 1024 418; x_wconf 90' lang='lat' dir='ltr'>nec</span> <span class='ocrx_word' id='word_1_13' title='bbox 1042 365 1133 418; x_wconf 93' lang='lat' dir='ltr'>nomi-</span> 
     </span>
     <span class='ocr_line' id='line_1_3' title="bbox 116 433 1133 506; baseline -0.001 -15"><span class='ocrx_word' id='word_1_14' title='bbox 116 441 201 491; x_wconf 90' lang='lat' dir='ltr'>natur</span> <span class='ocrx_word' id='word_1_15' title='bbox 219 436 293 490; x_wconf 87' lang='lat' dir='ltr'>ullus</span> <span class='ocrx_word' id='word_1_16' title='bbox 308 433 491 504; x_wconf 79' lang='lat' dir='ltr'>Pomponius:</span> <span class='ocrx_word' id='word_1_17' title='bbox 511 433 685 500; x_wconf 79' lang='lat' dir='ltr'>ridiculeque</span> <span class='ocrx_word' id='word_1_18' title='bbox 705 433 739 486; x_wconf 91' lang='lat' dir='ltr'>de</span> <span class='ocrx_word' id='word_1_19' title='bbox 758 433 821 502; x_wconf 88' lang='lat' dir='ltr'>ipsa</span> <span class='ocrx_word' id='word_1_20' title='bbox 840 435 1032 504; x_wconf 77' lang='lat' dir='ltr'>appellatione</span> <span class='ocrx_word' id='word_1_21' title='bbox 1050 453 1133 506; x_wconf 87' lang='lat' dir='ltr'>para-</span> 
     </span>
     <span class='ocr_line' id='line_1_4' title="bbox 117 503 1132 590; baseline -0.002 -28"><span class='ocrx_word' id='word_1_22' title='bbox 117 508 234 590; x_wconf 85' lang='lat' dir='ltr'>sitorum</span> <span class='ocrx_word' id='word_1_23' title='bbox 252 505 393 588; x_wconf 83' lang='lat' dir='ltr'>Apollinis</span> <span class='ocrx_word' id='word_1_24' title='bbox 416 505 464 558; x_wconf 91' lang='lat' dir='ltr'>hic</span> <span class='ocrx_word' id='word_1_25' title='bbox 487 522 602 558; x_wconf 87' lang='lat' dir='ltr'>causam</span> <span class='ocrx_word' id='word_1_26' title='bbox 624 503 730 572; x_wconf 90' lang='lat' dir='ltr'>reddit,</span> <span class='ocrx_word' id='word_1_27' title='bbox 755 521 818 557; x_wconf 91' lang='lat' dir='ltr'>cum</span> <span class='ocrx_word' id='word_1_28' title='bbox 837 505 868 558; x_wconf 92' lang='lat' dir='ltr'>in</span> <span class='ocrx_word' id='word_1_29' title='bbox 887 523 919 561; x_wconf 90' lang='lat' dir='ltr'>eo</span> <span class='ocrx_word' id='word_1_30' title='bbox 943 507 1132 576; x_wconf 72' lang='lat' dir='ltr'>praeterisset.</span> 
     </span>
    </p>
   </div>
   <div class='ocr_carea' id='block_1_3' title="bbox 117 575 1140 1713">
    <p class='ocr_par' dir='ltr' id='par_1_3' title="bbox 117 575 1140 1713">
     <span class='ocr_line' id='line_1_5' title="bbox 117 575 1135 647; baseline -0.004 -11"><span class='ocrx_word' id='word_1_31' title='bbox 117 580 159 636; x_wconf 88' lang='lat' dir='ltr'>ait</span> <span class='ocrx_word' id='word_1_32' title='bbox 182 597 258 634; x_wconf 89' lang='lat' dir='ltr'>emm</span> <span class='ocrx_word' id='word_1_33' title='bbox 275 581 317 631; x_wconf 85' lang='lat' dir='ltr'>rta</span> <span class='ocrx_word' id='word_1_34' title='bbox 336 575 487 647; x_wconf 84' lang='lat' dir='ltr'>appellari,</span> <span class='ocrx_word' id='word_1_35' title='bbox 511 576 587 644; x_wconf 90' lang='lat' dir='ltr'>quod</span> <span class='ocrx_word' id='word_1_36' title='bbox 606 575 635 630; x_wconf 77' lang='grc' dir='ltr'>Ο.</span> <span class='ocrx_word' id='word_1_37' title='bbox 649 575 830 645; x_wconf 86' lang='lat' dir='ltr'>Volumnius,</span> <span class='ocrx_word' id='word_1_38' title='bbox 854 577 903 645; x_wconf 91' lang='lat' dir='ltr'>qui</span> <span class='ocrx_word' id='word_1_39' title='bbox 926 579 964 631; x_wconf 91' lang='lat' dir='ltr'>ad</span> <span class='ocrx_word' id='word_1_40' title='bbox 987 577 1135 632; x_wconf 82' lang='lat' dir='ltr'>tibicinem</span> 
     </span>
     <span class='ocr_line' id='line_1_6' title="bbox 118 646 1134 720; baseline -0.002 -15"><span class='ocrx_word' id='word_1_41' title='bbox 118 650 243 720; x_wconf 88' lang='lat' dir='ltr'>saltarit,</span> <span class='ocrx_word' id='word_1_42' title='bbox 268 649 492 703; x_wconf 89' lang='lat' dir='ltr'>secundarum</span> <span class='ocrx_word' id='word_1_43' title='bbox 515 646 668 716; x_wconf 89' lang='lat' dir='ltr'>partium</span> <span class='ocrx_word' id='word_1_44' title='bbox 686 646 784 713; x_wconf 89' lang='lat' dir='ltr'>fuerit,</span> <span class='ocrx_word' id='word_1_45' title='bbox 808 647 867 716; x_wconf 89' lang='lat' dir='ltr'>qui</span> <span class='ocrx_word' id='word_1_46' title='bbox 885 648 956 702; x_wconf 90' lang='lat' dir='ltr'>fere</span> <span class='ocrx_word' id='word_1_47' title='bbox 976 649 1134 703; x_wconf 89' lang='lat' dir='ltr'>omnibus</span> 
     </span>
     <span class='ocr_line' id='line_1_7' title="bbox 117 717 1133 790; baseline -0.001 -15"><span class='ocrx_word' id='word_1_48' title='bbox 117 721 229 776; x_wconf 91' lang='lat' dir='ltr'>mimis</span> <span class='ocrx_word' id='word_1_49' title='bbox 248 719 427 790; x_wconf 85' lang='lat' dir='ltr'>parasitus</span> <span class='ocrx_word' id='word_1_50' title='bbox 446 718 651 772; x_wconf 65' lang='lat' dir='ltr'>inducatur!</span> <span class='ocrx_word' id='word_1_51' title='bbox 682 717 722 772; x_wconf 83' lang='lat' dir='ltr'>of.</span> <span class='ocrx_word' id='word_1_52' title='bbox 737 718 808 773; x_wconf 81' lang='lat' dir='ltr'>XVI.</span> <span class='ocrx_word' id='word_1_53' title='bbox 839 719 951 774; x_wconf 87' lang='lat' dir='ltr'>Servius</span> <span class='ocrx_word' id='word_1_54' title='bbox 966 721 1049 790; x_wconf 83' lang='lat' dir='ltr'>Verg.</span> <span class='ocrx_word' id='word_1_55' title='bbox 1064 724 1133 774; x_wconf 90' lang='lat' dir='ltr'>Aen.</span> 
     </span>
     <span class='ocr_line' id='line_1_8' title="bbox 118 788 1136 848; baseline -0.002 -1"><span class='ocrx_word' id='word_1_56' title='bbox 118 795 227 848; x_wconf 79' lang='lat'>111279</span> <span class='ocrx_word' id='word_1_57' title='bbox 248 794 326 845; x_wconf 87' lang='lat' dir='ltr'>‘nam</span> <span class='ocrx_word' id='word_1_58' title='bbox 348 809 412 844; x_wconf 91' lang='lat' dir='ltr'>cum</span> <span class='ocrx_word' id='word_1_59' title='bbox 430 789 551 844; x_wconf 80' lang='lat' dir='ltr'>Romani</span> <span class='ocrx_word' id='word_1_60' title='bbox 573 788 721 843; x_wconf 79' lang='lat' dir='ltr'>iracundia</span> <span class='ocrx_word' id='word_1_61' title='bbox 743 789 843 843; x_wconf 87' lang='lat' dir='ltr'>matris</span> <span class='ocrx_word' id='word_1_62' title='bbox 865 791 949 845; x_wconf 89' lang='lat' dir='ltr'>deum</span> <span class='ocrx_word' id='word_1_63' title='bbox 972 792 1136 846; x_wconf 86' lang='lat' dir='ltr'>laborarent</span> 
     </span>
     <span class='ocr_line' id='line_1_9' title="bbox 119 861 1135 930; baseline -0.003 -11"><span class='ocrx_word' id='word_1_64' title='bbox 119 868 148 919; x_wconf 89' lang='lat' dir='ltr'>et</span> <span class='ocrx_word' id='word_1_65' title='bbox 166 881 229 918; x_wconf 87' lang='lat' dir='ltr'>eam</span> <span class='ocrx_word' id='word_1_66' title='bbox 246 880 298 917; x_wconf 91' lang='lat' dir='ltr'>nec</span> <span class='ocrx_word' id='word_1_67' title='bbox 312 861 456 916; x_wconf 87' lang='lat' dir='ltr'>sacrificiis</span> <span class='ocrx_word' id='word_1_68' title='bbox 475 878 527 915; x_wconf 91' lang='lat' dir='ltr'>nec</span> <span class='ocrx_word' id='word_1_69' title='bbox 545 861 620 914; x_wconf 89' lang='lat' dir='ltr'>ludis</span> <span class='ocrx_word' id='word_1_70' title='bbox 639 861 752 930; x_wconf 87' lang='lat' dir='ltr'>placare</span> <span class='ocrx_word' id='word_1_71' title='bbox 770 865 895 930; x_wconf 83' lang='lat' dir='ltr'>possent,</span> <span class='ocrx_word' id='word_1_72' title='bbox 914 863 1032 930; x_wconf 90' lang='lat' dir='ltr'>quidam</span> <span class='ocrx_word' id='word_1_73' title='bbox 1050 879 1135 916; x_wconf 86' lang='lat' dir='ltr'>senex</span> 
     </span>
     <span class='ocr_line' id='line_1_10' title="bbox 119 932 1138 1004; baseline -0.003 -14"><span class='ocrx_word' id='word_1_74' title='bbox 119 935 235 990; x_wconf 85' lang='lat' dir='ltr'>statutis</span> <span class='ocrx_word' id='word_1_75' title='bbox 255 933 329 988; x_wconf 91' lang='lat' dir='ltr'>ludis</span> <span class='ocrx_word' id='word_1_76' title='bbox 349 932 670 1000; x_wconf 86' lang='lat' dir='ltr'>circensibus&#39;saltauit,</span> <span class='ocrx_word' id='word_1_77' title='bbox 690 948 762 1000; x_wconf 88' lang='lat' dir='ltr'>quae</span> <span class='ocrx_word' id='word_1_78' title='bbox 782 933 842 986; x_wconf 88' lang='lat' dir='ltr'>sola</span> <span class='ocrx_word' id='word_1_79' title='bbox 861 933 917 987; x_wconf 86' lang='lat' dir='ltr'>fuit</span> <span class='ocrx_word' id='word_1_80' title='bbox 935 951 1021 988; x_wconf 89' lang='lat' dir='ltr'>eausa</span> <span class='ocrx_word' id='word_1_81' title='bbox 1040 934 1138 1004; x_wconf 89' lang='lat' dir='ltr'>placa-</span> 
     </span>
     <span class='ocr_line' id='line_1_11' title="bbox 119 1004 1136 1076; baseline -0.004 -14"><span class='ocrx_word' id='word_1_82' title='bbox 119 1007 219 1076; x_wconf 88' lang='lat' dir='ltr'>tionis,</span> <span class='ocrx_word' id='word_1_83' title='bbox 248 1006 323 1060; x_wconf 87' lang='lat' dir='ltr'>undc</span> <span class='ocrx_word' id='word_1_84' title='bbox 351 1007 380 1058; x_wconf 94' lang='lat' dir='ltr'>et</span> <span class='ocrx_word' id='word_1_85' title='bbox 407 1007 506 1058; x_wconf 87' lang='lat' dir='ltr'>natum</span> <span class='ocrx_word' id='word_1_86' title='bbox 533 1004 714 1072; x_wconf 89' lang='lat' dir='ltr'>prouerbium</span> <span class='ocrx_word' id='word_1_87' title='bbox 739 1005 795 1059; x_wconf 89' lang='lat' dir='ltr'>est:</span> <span class='ocrx_word' id='word_1_88' title='bbox 829 1004 940 1058; x_wconf 87' lang='lat' dir='ltr'>omnia</span> <span class='ocrx_word' id='word_1_89' title='bbox 972 1005 1136 1072; x_wconf 86' lang='lat' dir='ltr'>secunda,</span> 
     </span>
     <span class='ocr_line' id='line_1_12' title="bbox 120 1074 1138 1144; baseline -0.005 -11"><span class='ocrx_word' id='word_1_90' title='bbox 120 1079 231 1133; x_wconf 89' lang='lat' dir='ltr'>saltat</span> <span class='ocrx_word' id='word_1_91' title='bbox 259 1076 380 1131; x_wconf 62' lang='lat' dir='ltr'>senex!</span> <span class='ocrx_word' id='word_1_92' title='bbox 418 1076 500 1128; x_wconf 88' lang='lat' dir='ltr'>Adde</span> <span class='ocrx_word' id='word_1_93' title='bbox 523 1074 661 1128; x_wconf 91' lang='lat' dir='ltr'>Macrobii</span> <span class='ocrx_word' id='word_1_94' title='bbox 685 1075 775 1128; x_wconf 86' lang='lat' dir='ltr'>SatI</span> <span class='ocrx_word' id='word_1_95' title='bbox 798 1080 840 1142; x_wconf 80' lang='lat'>17,</span> <span class='ocrx_word' id='word_1_96' title='bbox 860 1082 894 1130; x_wconf 79' lang='lat'>25</span> <span class='ocrx_word' id='word_1_97' title='bbox 914 1093 974 1144; x_wconf 87' lang='lat' dir='ltr'>sqq.</span> <span class='ocrx_word' id='word_1_98' title='bbox 1018 1077 1138 1130; x_wconf 82' lang='lat' dir='ltr'>Factum</span> 
     </span>
     <span class='ocr_line' id='line_1_13' title="bbox 122 1145 1137 1216; baseline -0.004 -12"><span class='ocrx_word' id='word_1_99' title='bbox 122 1153 166 1205; x_wconf 90' lang='lat' dir='ltr'>est</span> <span class='ocrx_word' id='word_1_100' title='bbox 188 1149 264 1216; x_wconf 92' lang='lat' dir='ltr'>quod</span> <span class='ocrx_word' id='word_1_101' title='bbox 286 1146 414 1200; x_wconf 86' lang='lat' dir='ltr'>narravit</span> <span class='ocrx_word' id='word_1_102' title='bbox 431 1145 545 1200; x_wconf 86' lang='lat' dir='ltr'>Verrius</span> <span class='ocrx_word' id='word_1_103' title='bbox 570 1146 599 1200; x_wconf 90' lang='lat' dir='ltr'>P.</span> <span class='ocrx_word' id='word_1_104' title='bbox 620 1145 744 1215; x_wconf 91' lang='lat' dir='ltr'>Sulpicio</span> <span class='ocrx_word' id='word_1_105' title='bbox 764 1145 857 1199; x_wconf 83' lang='lat' dir='ltr'>Galba</span> <span class='ocrx_word' id='word_1_106' title='bbox 876 1146 924 1202; x_wconf 80' lang='lat' dir='ltr'>Gn.</span> <span class='ocrx_word' id='word_1_107' title='bbox 943 1147 1043 1202; x_wconf 81' lang='lat' dir='ltr'>Fulvio</span> <span class='ocrx_word' id='word_1_108' title='bbox 1067 1164 1137 1201; x_wconf 88' lang='lat' dir='ltr'>coss.</span> 
     </span>
     <span class='ocr_line' id='line_1_14' title="bbox 122 1217 1137 1291; baseline -0.004 -17"><span class='ocrx_word' id='word_1_109' title='bbox 122 1237 195 1275; x_wconf 87' lang='lat' dir='ltr'>anno</span> <span class='ocrx_word' id='word_1_110' title='bbox 211 1219 334 1291; x_wconf 77' lang='lat' dir='ltr'>543s211,</span> <span class='ocrx_word' id='word_1_111' title='bbox 354 1218 391 1271; x_wconf 89' lang='lat' dir='ltr'>M.</span> <span class='ocrx_word' id='word_1_112' title='bbox 407 1217 558 1286; x_wconf 79' lang='lat' dir='ltr'>Calpurnio</span> <span class='ocrx_word' id='word_1_113' title='bbox 572 1217 675 1271; x_wconf 90' lang='lat' dir='ltr'>Pisone</span> <span class='ocrx_word' id='word_1_114' title='bbox 688 1218 818 1285; x_wconf 88' lang='lat' dir='ltr'>praetore</span> <span class='ocrx_word' id='word_1_115' title='bbox 832 1218 940 1272; x_wconf 88' lang='lat' dir='ltr'>urbano</span> <span class='ocrx_word' id='word_1_116' title='bbox 955 1218 1037 1272; x_wconf 90' lang='lat' dir='ltr'>ludos</span> <span class='ocrx_word' id='word_1_117' title='bbox 1052 1219 1137 1288; x_wconf 87' lang='lat' dir='ltr'>Apol-</span> 
     </span>
     <span class='ocr_line' id='line_1_15' title="bbox 121 1287 1138 1357; baseline -0.002 -12"><span class='ocrx_word' id='word_1_118' title='bbox 121 1291 226 1345; x_wconf 86' lang='lat' dir='ltr'>linares</span> <span class='ocrx_word' id='word_1_119' title='bbox 245 1292 361 1343; x_wconf 87' lang='lat' dir='ltr'>curante</span> <span class='ocrx_word' id='word_1_120' title='bbox 381 1305 454 1342; x_wconf 89' lang='lat' dir='ltr'>anno</span> <span class='ocrx_word' id='word_1_121' title='bbox 473 1289 626 1356; x_wconf 87' lang='lat' dir='ltr'>praeterito</span> <span class='ocrx_word' id='word_1_122' title='bbox 645 1289 697 1357; x_wconf 89' lang='lat' dir='ltr'>Ap.</span> <span class='ocrx_word' id='word_1_123' title='bbox 713 1287 832 1342; x_wconf 82' lang='lat' dir='ltr'>Claudio</span> <span class='ocrx_word' id='word_1_124' title='bbox 851 1288 972 1344; x_wconf 90' lang='lat' dir='ltr'>Pulchro</span> <span class='ocrx_word' id='word_1_125' title='bbox 992 1290 1023 1354; x_wconf 81' lang='lat' dir='ltr'>Q.</span> <span class='ocrx_word' id='word_1_126' title='bbox 1038 1289 1138 1343; x_wconf 84' lang='lat' dir='ltr'>Fulvio</span> 
     </span>
     <span class='ocr_line' id='line_1_16' title="bbox 121 1357 1139 1429; baseline -0.002 -14"><span class='ocrx_word' id='word_1_127' title='bbox 121 1363 223 1416; x_wconf 87' lang='lat' dir='ltr'>Flacco</span> <span class='ocrx_word' id='word_1_128' title='bbox 243 1378 312 1415; x_wconf 91' lang='lat' dir='ltr'>coss.</span> <span class='ocrx_word' id='word_1_129' title='bbox 331 1358 453 1429; x_wconf 90' lang='lat' dir='ltr'>primum</span> <span class='ocrx_word' id='word_1_130' title='bbox 471 1359 625 1428; x_wconf 88' lang='lat' dir='ltr'>institutos,</span> <span class='ocrx_word' id='word_1_131' title='bbox 645 1376 700 1426; x_wconf 92' lang='lat' dir='ltr'>quo</span> <span class='ocrx_word' id='word_1_132' title='bbox 720 1357 783 1427; x_wconf 90' lang='lat' dir='ltr'>ipso</span> <span class='ocrx_word' id='word_1_133' title='bbox 803 1376 876 1413; x_wconf 89' lang='lat' dir='ltr'>anno</span> <span class='ocrx_word' id='word_1_134' title='bbox 895 1360 1036 1429; x_wconf 88' lang='lat' dir='ltr'>parasitos</span> <span class='ocrx_word' id='word_1_135' title='bbox 1055 1360 1139 1429; x_wconf 88' lang='lat' dir='ltr'>Apol-</span> 
     </span>
     <span class='ocr_line' id='line_1_17' title="bbox 123 1429 1139 1502; baseline -0.003 -15"><span class='ocrx_word' id='word_1_136' title='bbox 123 1433 203 1502; x_wconf 88' lang='lat' dir='ltr'>linis,</span> <span class='ocrx_word' id='word_1_137' title='bbox 226 1433 253 1486; x_wconf 93' lang='lat' dir='ltr'>h.</span> <span class='ocrx_word' id='word_1_138' title='bbox 274 1448 296 1486; x_wconf 89' lang='lat' dir='ltr'>e.</span> <span class='ocrx_word' id='word_1_139' title='bbox 317 1429 456 1484; x_wconf 87' lang='lat' dir='ltr'>artificum</span> <span class='ocrx_word' id='word_1_140' title='bbox 476 1431 668 1484; x_wconf 87' lang='lat' dir='ltr'>scaenicorum</span> <span class='ocrx_word' id='word_1_141' title='bbox 691 1429 886 1500; x_wconf 88' lang='lat' dir='ltr'>sodalitatem,</span> <span class='ocrx_word' id='word_1_142' title='bbox 910 1431 1056 1486; x_wconf 89' lang='lat' dir='ltr'>institutos</span> <span class='ocrx_word' id='word_1_143' title='bbox 1078 1448 1139 1485; x_wconf 89' lang='lat' dir='ltr'>esse</span> 
     </span>
     <span class='ocr_line' id='line_1_18' title="bbox 123 1500 1140 1572; baseline -0.003 -14"><span class='ocrx_word' id='word_1_144' title='bbox 123 1503 245 1559; x_wconf 89' lang='lat' dir='ltr'>coniecit</span> <span class='ocrx_word' id='word_1_145' title='bbox 262 1501 415 1556; x_wconf 88' lang='lat' dir='ltr'>Merkelius</span> <span class='ocrx_word' id='word_1_146' title='bbox 434 1501 472 1555; x_wconf 89' lang='lat' dir='ltr'>ad</span> <span class='ocrx_word' id='word_1_147' title='bbox 491 1501 586 1555; x_wconf 88' lang='lat' dir='ltr'>Ovidii</span> <span class='ocrx_word' id='word_1_148' title='bbox 604 1502 669 1556; x_wconf 87' lang='lat' dir='ltr'>fast.</span> <span class='ocrx_word' id='word_1_149' title='bbox 688 1520 715 1570; x_wconf 94' lang='lat' dir='ltr'>p.</span> <span class='ocrx_word' id='word_1_150' title='bbox 731 1500 898 1557; x_wconf 80' lang='lat' dir='ltr'>CCXXXIV.</span> <span class='ocrx_word' id='word_1_151' title='bbox 933 1503 1065 1572; x_wconf 86' lang='lat' dir='ltr'>Suspicor</span> <span class='ocrx_word' id='word_1_152' title='bbox 1082 1519 1140 1556; x_wconf 91' lang='lat' dir='ltr'>non</span> 
     </span>
     <span class='ocr_line' id='line_1_19' title="bbox 123 1571 1139 1643; baseline -0.003 -14"><span class='ocrx_word' id='word_1_153' title='bbox 123 1576 153 1629; x_wconf 92' lang='lat' dir='ltr'>in</span> <span class='ocrx_word' id='word_1_154' title='bbox 177 1591 313 1640; x_wconf 79' lang='lat' dir='ltr'>scaena,</span> <span class='ocrx_word' id='word_1_155' title='bbox 338 1573 387 1626; x_wconf 87' lang='lat' dir='ltr'>sed</span> <span class='ocrx_word' id='word_1_156' title='bbox 410 1572 441 1625; x_wconf 90' lang='lat' dir='ltr'>in</span> <span class='ocrx_word' id='word_1_157' title='bbox 465 1589 546 1626; x_wconf 90' lang='lat' dir='ltr'>cena</span> <span class='ocrx_word' id='word_1_158' title='bbox 568 1573 709 1642; x_wconf 88' lang='lat' dir='ltr'>parasitos</span> <span class='ocrx_word' id='word_1_159' title='bbox 733 1571 802 1626; x_wconf 90' lang='lat' dir='ltr'>istos</span> <span class='ocrx_word' id='word_1_160' title='bbox 824 1573 965 1642; x_wconf 88' lang='lat' dir='ltr'>Apollinis</span> <span class='ocrx_word' id='word_1_161' title='bbox 989 1573 1139 1643; x_wconf 87' lang='lat' dir='ltr'>proverbio</span> 
     </span>
     <span class='ocr_line' id='line_1_20' title="bbox 122 1642 1039 1713; baseline -0.001 -13"><span class='ocrx_word' id='word_1_162' title='bbox 122 1647 173 1701; x_wconf 91' lang='lat' dir='ltr'>illo</span> <span class='ocrx_word' id='word_1_163' title='bbox 192 1663 257 1700; x_wconf 88' lang='lat' dir='ltr'>usos</span> <span class='ocrx_word' id='word_1_164' title='bbox 276 1645 372 1713; x_wconf 87' lang='lat' dir='ltr'>fuisse,</span> <span class='ocrx_word' id='word_1_165' title='bbox 391 1661 455 1697; x_wconf 88' lang='lat' dir='ltr'>cum</span> <span class='ocrx_word' id='word_1_166' title='bbox 473 1661 503 1698; x_wconf 90' lang='lat' dir='ltr'>re</span> <span class='ocrx_word' id='word_1_167' title='bbox 521 1645 594 1698; x_wconf 90' lang='lat' dir='ltr'>bene</span> <span class='ocrx_word' id='word_1_168' title='bbox 612 1647 695 1713; x_wconf 85' lang='lat' dir='ltr'>gesta</span> <span class='ocrx_word' id='word_1_169' title='bbox 713 1642 804 1712; x_wconf 90' lang='lat' dir='ltr'>epulis</span> <span class='ocrx_word' id='word_1_170' title='bbox 824 1661 853 1698; x_wconf 88' lang='lat' dir='ltr'>se</span> <span class='ocrx_word' id='word_1_171' title='bbox 872 1649 1039 1700; x_wconf 87' lang='lat' dir='ltr'>recrearent.</span> 
     </span>
    </p>
   </div>
   <div class='ocr_carea' id='block_1_4' title="bbox 127 1884 684 2048">
    <p class='ocr_par' dir='ltr' id='par_1_4' title="bbox 127 1884 684 2048">
     <span class='ocr_line' id='line_1_21' title="bbox 581 1884 684 1942; baseline 0 0"><span class='ocrx_word' id='word_1_172' title='bbox 581 1884 684 1942; x_wconf 88' lang='lat' dir='ltr'>XVIII</span> 
     </span>
     <span class='ocr_line' id='line_1_22' title="bbox 127 1969 377 2048; baseline -0.016 -12"><span class='ocrx_word' id='word_1_173' title='bbox 127 1973 198 2036; x_wconf 89' lang='lat' dir='ltr'>cata</span> <span class='ocrx_word' id='word_1_174' title='bbox 221 1969 323 2034; x_wconf 87' lang='lat' dir='ltr'>carisa</span> <span class='ocrx_word' id='word_1_175' title='bbox 375 2043 377 2048; x_wconf 21' lang='lat'><strong><em>¹</em></strong></span> 
     </span>
    </p>
   </div>
   <div class='ocr_carea' id='block_1_5' title="bbox 127 2087 1144 2370">
    <p class='ocr_par' dir='ltr' id='par_1_5' title="bbox 127 2087 1144 2370">
     <span class='ocr_line' id='line_1_23' title="bbox 196 2087 1143 2159; baseline -0.005 -15"><span class='ocrx_word' id='word_1_176' title='bbox 196 2091 328 2145; x_wconf 90' lang='lat' dir='ltr'>Placidus</span> <span class='ocrx_word' id='word_1_177' title='bbox 348 2089 406 2143; x_wconf 78' lang='lat' dir='ltr'>OG]</span> <span class='ocrx_word' id='word_1_178' title='bbox 424 2088 450 2143; x_wconf 90' lang='lat' dir='ltr'><strong>V</strong></span> <span class='ocrx_word' id='word_1_179' title='bbox 470 2095 503 2143; x_wconf 81' lang='lat'>15</span> <span class='ocrx_word' id='word_1_180' title='bbox 523 2088 568 2158; x_wconf 92' lang='lat' dir='ltr'>(cf.</span> <span class='ocrx_word' id='word_1_181' title='bbox 587 2108 614 2158; x_wconf 88' lang='lat' dir='ltr'>p.</span> <span class='ocrx_word' id='word_1_182' title='bbox 631 2093 675 2159; x_wconf 72' lang='lat'>52)</span> <span class='ocrx_word' id='word_1_183' title='bbox 695 2089 726 2145; x_wconf 82' lang='lat' dir='ltr'>G.</span> <span class='ocrx_word' id='word_1_184' title='bbox 748 2088 863 2157; x_wconf 60' lang='grc' dir='ltr'>ΐ111111,</span> <span class='ocrx_word' id='word_1_185' title='bbox 887 2090 970 2142; x_wconf 89' lang='lat' dir='ltr'>uetus</span> <span class='ocrx_word' id='word_1_186' title='bbox 993 2087 1058 2141; x_wconf 89' lang='lat' dir='ltr'>lena</span> <span class='ocrx_word' id='word_1_187' title='bbox 1080 2103 1143 2156; x_wconf 89' lang='lat' dir='ltr'>per-</span> 
     </span>
     <span class='ocr_line' id='line_1_24' title="bbox 128 2158 1144 2230; baseline -0.005 -14"><span class='ocrx_word' id='word_1_188' title='bbox 128 2162 241 2230; x_wconf 89' lang='lat' dir='ltr'>callida,</span> <span class='ocrx_word' id='word_1_189' title='bbox 261 2162 335 2214; x_wconf 90' lang='lat' dir='ltr'>unde</span> <span class='ocrx_word' id='word_1_190' title='bbox 350 2163 379 2214; x_wconf 93' lang='lat' dir='ltr'>et</span> <span class='ocrx_word' id='word_1_191' title='bbox 395 2160 425 2213; x_wconf 91' lang='lat' dir='ltr'>in</span> <span class='ocrx_word' id='word_1_192' title='bbox 438 2160 524 2214; x_wconf 91' lang='lat' dir='ltr'>mimo</span> <span class='ocrx_word' id='word_1_193' title='bbox 539 2159 656 2214; x_wconf 89' lang='lat' dir='ltr'>fallaces</span> <span class='ocrx_word' id='word_1_194' title='bbox 671 2161 792 2214; x_wconf 89' lang='lat' dir='ltr'>ancillae</span> <span class='ocrx_word' id='word_1_195' title='bbox 811 2158 1024 2214; x_wconf 85' lang='lat' dir='ltr'>catacarisia</span> <span class='ocrx_word' id='word_1_196' title='bbox 1038 2161 1144 2228; x_wconf 87' lang='lat' dir='ltr'>(cata-</span> 
     </span>
     <span class='ocr_line' id='line_1_25' title="bbox 128 2229 1144 2301; baseline -0.005 -13"><span class='ocrx_word' id='word_1_197' title='bbox 128 2233 277 2288; x_wconf 88' lang='lat' dir='ltr'>carisiae</span> <span class='ocrx_word' id='word_1_198' title='bbox 300 2250 327 2301; x_wconf 91' lang='lat' dir='ltr'>p.</span> <span class='ocrx_word' id='word_1_199' title='bbox 343 2235 387 2300; x_wconf 80' lang='lat'>52)</span> <span class='ocrx_word' id='word_1_200' title='bbox 412 2231 648 2300; x_wconf 81' lang='lat' dir='ltr'>appellabantur’</span> <span class='ocrx_word' id='word_1_201' title='bbox 688 2232 728 2286; x_wconf 78' lang='lat' dir='ltr'>ef.</span> <span class='ocrx_word' id='word_1_202' title='bbox 747 2233 773 2286; x_wconf 91' lang='lat' dir='ltr'><strong>V</strong></span> <span class='ocrx_word' id='word_1_203' title='bbox 792 2237 843 2285; x_wconf 81' lang='lat'>596</span> <span class='ocrx_word' id='word_1_204' title='bbox 870 2231 909 2284; x_wconf 91' lang='lat' dir='ltr'>IV</span> <span class='ocrx_word' id='word_1_205' title='bbox 928 2235 962 2284; x_wconf 81' lang='lat'>28</span> <span class='ocrx_word' id='word_1_206' title='bbox 986 2229 1018 2284; x_wconf 76' lang='lat' dir='ltr'>G.</span> <span class='ocrx_word' id='word_1_207' title='bbox 1038 2229 1144 2284; x_wconf 86' lang='lat' dir='ltr'>Loewii</span> 
     </span>
     <span class='ocr_line' id='line_1_26' title="bbox 127 2302 902 2370; baseline -0.003 -12"><span class='ocrx_word' id='word_1_208' title='bbox 127 2305 271 2358; x_wconf 88' lang='lat' dir='ltr'>Prodrom.</span> <span class='ocrx_word' id='word_1_209' title='bbox 286 2308 339 2356; x_wconf 80' lang='lat'>304</span> <span class='ocrx_word' id='word_1_210' title='bbox 354 2320 414 2369; x_wconf 89' lang='lat' dir='ltr'>sqq.</span> <span class='ocrx_word' id='word_1_211' title='bbox 434 2303 466 2356; x_wconf 93' lang='lat' dir='ltr'>H.</span> <span class='ocrx_word' id='word_1_212' title='bbox 482 2302 588 2355; x_wconf 90' lang='lat' dir='ltr'>Jordan</span> <span class='ocrx_word' id='word_1_213' title='bbox 606 2303 677 2357; x_wconf 88' lang='lat' dir='ltr'>Krit.</span> <span class='ocrx_word' id='word_1_214' title='bbox 692 2302 778 2356; x_wconf 90' lang='lat' dir='ltr'>Beitr.</span> <span class='ocrx_word' id='word_1_215' title='bbox 793 2308 827 2356; x_wconf 90' lang='lat'>80</span> <span class='ocrx_word' id='word_1_216' title='bbox 843 2320 902 2370; x_wconf 90' lang='lat' dir='ltr'>sqq.</span> 
     </span>
    </p>
   </div>
   <div class='ocr_carea' id='block_1_6' title="bbox 199 2407 637 2464">
    <p class='ocr_par' dir='ltr' id='par_1_6' title="bbox 199 2407 637 2464">
     <span class='ocr_line' id='line_1_27' title="bbox 199 2407 637 2464; baseline -0.005 0"><span class='ocrx_word' id='word_1_217' title='bbox 199 2412 280 2464; x_wconf 86' lang='lat' dir='ltr'>eatae</span> <span class='ocrx_word' id='word_1_218' title='bbox 299 2407 407 2462; x_wconf 86' lang='lat' dir='ltr'>carisae</span> <span class='ocrx_word' id='word_1_219' title='bbox 427 2409 637 2463; x_wconf 79' lang='lat' dir='ltr'>Hildebraadas</span> 
     </span>
    </p>
   </div>
   <div class='ocr_carea' id='block_1_7' title="bbox 130 2647 673 2798">
    <p class='ocr_par' dir='ltr' id='par_1_7' title="bbox 130 2647 673 2798">
     <span class='ocr_line' id='line_1_28' title="bbox 602 2647 673 2704; baseline 0 0"><span class='ocrx_word' id='word_1_220' title='bbox 602 2647 673 2704; x_wconf 89' lang='lat' dir='ltr'>XIX</span> 
     </span>
     <span class='ocr_line' id='line_1_29' title="bbox 130 2732 313 2798; baseline -0.022 0"><span class='ocrx_word' id='word_1_221' title='bbox 130 2732 313 2798; x_wconf 86' lang='lat' dir='ltr'>strutheum</span> 
     </span>
    </p>
   </div>
   <div class='ocr_carea' id='block_1_8' title="bbox 134 2849 1149 3050">
    <p class='ocr_par' dir='ltr' id='par_1_8' title="bbox 134 2849 1149 3050">
     <span class='ocr_line' id='line_1_30' title="bbox 202 2849 1148 2922; baseline -0.004 -15"><span class='ocrx_word' id='word_1_222' title='bbox 202 2854 301 2907; x_wconf 82' lang='lat' dir='ltr'>Festus</span> <span class='ocrx_word' id='word_1_223' title='bbox 319 2871 346 2922; x_wconf 86' lang='lat' dir='ltr'>p.</span> <span class='ocrx_word' id='word_1_224' title='bbox 362 2858 413 2906; x_wconf 88' lang='grc'>313</span> <span class='ocrx_word' id='word_1_225' title='bbox 433 2853 470 2908; x_wconf 90' lang='grc' dir='ltr'>Μ.</span> <span class='ocrx_word' id='word_1_226' title='bbox 492 2851 697 2905; x_wconf 79' lang='lat' dir='ltr'>‘strutheum</span> <span class='ocrx_word' id='word_1_227' title='bbox 715 2849 745 2903; x_wconf 92' lang='lat' dir='ltr'>in</span> <span class='ocrx_word' id='word_1_228' title='bbox 763 2850 856 2904; x_wconf 86' lang='lat' dir='ltr'>mimis</span> <span class='ocrx_word' id='word_1_229' title='bbox 875 2850 1026 2920; x_wconf 89' lang='lat' dir='ltr'>praecipue</span> <span class='ocrx_word' id='word_1_230' title='bbox 1042 2854 1148 2904; x_wconf 90' lang='lat' dir='ltr'>uocant</span> 
     </span>
     <span class='ocr_line' id='line_1_31' title="bbox 134 2921 1149 2992; baseline -0.005 -13"><span class='ocrx_word' id='word_1_231' title='bbox 134 2925 284 2980; x_wconf 84' lang='lat' dir='ltr'>obscenam</span> <span class='ocrx_word' id='word_1_232' title='bbox 305 2927 416 2992; x_wconf 84' lang='lat' dir='ltr'>partem</span> <span class='ocrx_word' id='word_1_233' title='bbox 434 2923 557 2992; x_wconf 89' lang='lat' dir='ltr'>uirilem,</span> <span class='ocrx_word' id='word_1_234' title='bbox 583 2940 600 2976; x_wconf 91' lang='lat' dir='ltr'>a</span> <span class='ocrx_word' id='word_1_235' title='bbox 618 2922 767 2976; x_wconf 86' lang='lat' dir='ltr'>salacitate</span> <span class='ocrx_word' id='word_1_236' title='bbox 786 2921 921 2976; x_wconf 89' lang='lat' dir='ltr'>uidelicet</span> <span class='ocrx_word' id='word_1_237' title='bbox 939 2921 1074 2992; x_wconf 89' lang='lat' dir='ltr'>passeris,</span> <span class='ocrx_word' id='word_1_238' title='bbox 1098 2921 1149 2990; x_wconf 90' lang='lat' dir='ltr'>qui</span> 
     </span>
     <span class='ocr_line' id='line_1_32' title="bbox 134 2993 970 3050; baseline -0.004 0"><span class='ocrx_word' id='word_1_239' title='bbox 134 2996 238 3050; x_wconf 84' lang='lat' dir='ltr'>Graece</span> <span class='ocrx_word' id='word_1_240' title='bbox 258 2995 383 3050; x_wconf 89' lang='lat' dir='ltr'>struthos</span> <span class='ocrx_word' id='word_1_241' title='bbox 402 2994 526 3050; x_wconf 88' lang='lat' dir='ltr'>dicitur.’</span> <span class='ocrx_word' id='word_1_242' title='bbox 565 2993 605 3049; x_wconf 81' lang='lat' dir='ltr'>cf.</span> <span class='ocrx_word' id='word_1_243' title='bbox 625 2993 712 3050; x_wconf 88' lang='lat' dir='ltr'>schol.</span> <span class='ocrx_word' id='word_1_244' title='bbox 730 2993 856 3048; x_wconf 85' lang='lat' dir='ltr'>Iuvenal.</span> <span class='ocrx_word' id='word_1_245' title='bbox 870 2993 909 3047; x_wconf 87' lang='lat' dir='ltr'>Vl</span> <span class='ocrx_word' id='word_1_246' title='bbox 929 3000 970 3048; x_wconf 85' lang='lat'>66.</span> 
     </span>
    </p>
   </div>
   <div class='ocr_carea' id='block_1_9' title="bbox 134 3234 669 3384">
    <p class='ocr_par' dir='ltr' id='par_1_9' title="bbox 134 3234 669 3384">
     <span class='ocr_line' id='line_1_33' title="bbox 614 3234 669 3291; baseline 0 0"><span class='ocrx_word' id='word_1_247' title='bbox 614 3234 669 3291; x_wconf 90' lang='lat' dir='ltr'>XX</span> 
     </span>
     <span class='ocr_line' id='line_1_34' title="bbox 134 3319 311 3384; baseline -0.006 -1"><span class='ocrx_word' id='word_1_248' title='bbox 134 3319 311 3384; x_wconf 84' lang='lat' dir='ltr'>familiares</span> 
     </span>
    </p>
   </div>
   <div class='ocr_carea' id='block_1_10' title="bbox 137 3436 1152 3652">
    <p class='ocr_par' dir='ltr' id='par_1_10' title="bbox 137 3436 1152 3652">
     <span class='ocr_line' id='line_1_35' title="bbox 208 3436 1152 3508; baseline -0.007 -12"><span class='ocrx_word' id='word_1_249' title='bbox 208 3441 314 3496; x_wconf 78' lang='lat' dir='ltr'>Seneca</span> <span class='ocrx_word' id='word_1_250' title='bbox 324 3438 436 3508; x_wconf 85' lang='lat' dir='ltr'>epistV</span> <span class='ocrx_word' id='word_1_251' title='bbox 447 3445 462 3492; x_wconf 88' lang='lat'>6</span> <span class='ocrx_word' id='word_1_252' title='bbox 472 3441 537 3508; x_wconf 83' lang='grc'>(47),</span> <span class='ocrx_word' id='word_1_253' title='bbox 549 3444 583 3490; x_wconf 87' lang='grc'>14</span> <span class='ocrx_word' id='word_1_254' title='bbox 597 3437 753 3491; x_wconf 81' lang='lat' dir='ltr'>‘dominum</span> <span class='ocrx_word' id='word_1_255' title='bbox 763 3440 873 3506; x_wconf 88' lang='lat' dir='ltr'>patrem</span> <span class='ocrx_word' id='word_1_256' title='bbox 885 3436 1012 3491; x_wconf 84' lang='lat' dir='ltr'>familiae</span> <span class='ocrx_word' id='word_1_257' title='bbox 1025 3436 1152 3506; x_wconf 88' lang='lat' dir='ltr'>adpella-</span> 
     </span>
     <span class='ocr_line' id='line_1_36' title="bbox 137 3507 1151 3582; baseline -0.002 -18"><span class='ocrx_word' id='word_1_258' title='bbox 137 3515 249 3566; x_wconf 88' lang='lat' dir='ltr'>uerunt&#39;</span> <span class='ocrx_word' id='word_1_259' title='bbox 265 3511 395 3582; x_wconf 88' lang='lat' dir='ltr'>(maiores</span> <span class='ocrx_word' id='word_1_260' title='bbox 412 3509 520 3580; x_wconf 85' lang='lat' dir='ltr'>nostri),</span> <span class='ocrx_word' id='word_1_261' title='bbox 537 3510 677 3576; x_wconf 89' lang='lat' dir='ltr'>‘seruos,</span> <span class='ocrx_word' id='word_1_262' title='bbox 699 3510 774 3578; x_wconf 90' lang='lat' dir='ltr'>quod</span> <span class='ocrx_word' id='word_1_263' title='bbox 793 3508 881 3562; x_wconf 88' lang='lat' dir='ltr'>etiam</span> <span class='ocrx_word' id='word_1_264' title='bbox 899 3508 929 3561; x_wconf 91' lang='lat' dir='ltr'>in</span> <span class='ocrx_word' id='word_1_265' title='bbox 947 3508 1040 3562; x_wconf 91' lang='lat' dir='ltr'>mimis</span> <span class='ocrx_word' id='word_1_266' title='bbox 1058 3507 1151 3562; x_wconf 89' lang='lat' dir='ltr'>adhuc</span> 
     </span>
     <span class='ocr_line' id='line_1_37' title="bbox 139 3580 954 3652; baseline -0.001 -17"><span class='ocrx_word' id='word_1_267' title='bbox 139 3583 234 3652; x_wconf 92' lang='lat' dir='ltr'>durat,</span> <span class='ocrx_word' id='word_1_268' title='bbox 256 3582 470 3638; x_wconf 59' lang='lat' dir='ltr'>familiares)</span> <span class='ocrx_word' id='word_1_269' title='bbox 509 3580 549 3635; x_wconf 79' lang='lat' dir='ltr'>Of.</span> <span class='ocrx_word' id='word_1_270' title='bbox 569 3581 729 3635; x_wconf 87' lang='lat' dir='ltr'>Macrobius</span> <span class='ocrx_word' id='word_1_271' title='bbox 749 3581 835 3636; x_wconf 86' lang='lat' dir='ltr'>SatI</span> <span class='ocrx_word' id='word_1_272' title='bbox 855 3587 954 3649; x_wconf 87' lang='lat'>11,11.</span> 
     </span>
    </p>
   </div>
   <div class='ocr_carea' id='block_1_11' title="bbox 0 0 1368 3950">
    <p class='ocr_par' dir='ltr' id='par_1_11' title="bbox 0 0 1368 3950">
     <span class='ocr_line' id='line_1_38' title="bbox 0 0 1368 3950; baseline 0 0"><span class='ocrx_word' id='word_1_273' title='bbox 0 0 1368 3950; x_wconf 95' lang='lat' dir='ltr'> </span> 
     </span>
    </p>
   </div>
  </div>
 </body>
</html>
