2670 3948
171 165 214 232 74
501 163 688 222 orucurvs
706 165 860 223 autrive

175 328 238 394 Cui
260 329 393 394 fortuna
415 333 448 394 et
470 351 521 393 res
544 329 631 394 adda
653 333 715 415 est,
737 330 892 394 continuo
914 352 957 414 pa
990 332 1012 394 t.

169 433 256 503 Nam
280 435 433 521 opule'nto
457 435 576 500 famam
599 435 693 500 facile
717 435 857 502 occultat
879 435 987 500 factio.

246 555 355 610 Gellius
374 557 466 626 1123,
487 562 521 611 14
546 557 626 626 ‘quid
652 559 688 612 de
712 557 763 612 illo
790 572 901 626 quoque
926 555 989 610 loco
1013 556 1044 610 in
1069 559 1189 626 utraque

171 627 321 682 comoedia
344 628 438 697 posito
460 627 618 682 existimari
637 629 741 683 debeat
759 627 942 682 manifestum
960 629 1016 698 est,
1036 627 1114 682 ouius
1133 628 1190 682 loci

172 700 244 753 haec
263 698 351 753 ferme
370 699 520 754 sententia.
557 699 651 754 Filia
669 699 817 754 hominis
838 698 1001 768 pauperis
1020 699 1055 752 in
1073 699 1189 769 perui-

139 785 141 792 ·
171 769 260 840 gilio
279 770 412 826 uitiata
431 774 491 825 est.
529 771 575 824 Ea
593 787 647 826 res
667 771 755 825 clam
772 772 905 854 patrem
922 769 1067 839 fuit;·et
1084 770 1189 824 habe-

169 840 273 895 batur
298 859 359 912 pro
388 841 533 912 uirgine.
579 843 626 896 Ex
653 858 692 896 eo
720 842 808 896 uit1o
837 840 984 911 grauida
1011 841 1189 896 mensibus

169 913 306 967 exactis
328 913 491 983 parturit.
529 913 655 967 Seruus
679 914 789 968 bonae
807 911 914 982 frugi,
933 929 1083 982 cumpro
1102 913 1190 966 fori-

168 984 232 1039 bus
252 984 368 1038 domus
389 987 500 1038 staret
518 987 553 1037 et
569 984 804 1054 propinquare
827 986 963 1054 partum
986 983 1068 1037 erili
1086 983 1189 1038 filiae

172 1058 276 1124 atque
300 1055 435 1109 omnino
462 1054 587 1108 uitium
606 1072 679 1109 esse
699 1056 854 1116 oblatum
872 1053 1064 1124 ignoraret,
1083 1054 1190 1124 gemi-

170 1129 242 1181 tum
257 1129 290 1180 et
302 1127 478 1198 ploratum
491 1125 591 1180 audit
603 1126 745 1196 puellae
759 1126 794 1180 in
807 1125 989 1196 puerperio
1005 1125 1189 1181 enitentis:

171 1197 273 1252 timet
291 1196 460 1252 irascitur
478 1197 679 1266 suspicatur
697 1197 881 1252 miseretur
899 1197 1003 1251 dolet.
1036 1196 1074 1250 Hi
1093 1213 1189 1252 omnes

171 1271 265 1323 motus
290 1267 350 1320 eius
375 1267 594 1336 affectionesque
618 1268 706 1336 animi
728 1268 759 1322 in
777 1267 886 1324 Graeca
909 1267 1024 1336 quidem
1042 1267 1190 1324 comoedia

169 1338 341 1394 mirabiliter
359 1355 438 1394 acres
458 1341 487 1394 et
505 1337 637 1409 illustres,
658 1341 749 1410 apud
768 1338 958 1394 Caecilium
976 1342 1072 1394 autem
1089 1339 1191 1410 pigra

170 1409 282 1466 istaec
298 1409 411 1465 omnia
426 1412 460 1464 et
474 1427 616 1464 ererum
630 1410 808 1481 dignitate
823 1414 928 1479 atque
946 1411 1062 1481 gratia
1081 1428 1191 1466 uacua

171 1483 257 1535 sunt.
294 1481 377 1534 Post
404 1480 464 1534 ubi
491 1479 580 1536 idem
608 1499 728 1536 seruus
755 1482 993 1551 percontando
1022 1482 1112 1550 quod
1135 1499 1190 1536 ac·
1248 1491 1251 1498 '

169 1551 304 1606 oiderat
323 1551 491 1622 repperit,
510 1552 562 1606 has
582 1554 658 1622 apud
677 1553 864 1607 Menandrum
882 1569 966 1606 uoces
981 1552 1051 1606 facit
1066 1556 1129 1624 (404
1143 1551 1188 1622 Κ.)

330 1617 351 1676 ὦ
369 1624 429 1692 τρὶς
448 1625 643 1693 κακοδαίμων·
664 1622 737 1687 ὅστις
756 1622 795 1679 ὢν
813 1621 902 1692 πένης
922 1632 1008 1692 γαμεῖ

332 1696 382 1748 καὶ
399 1693 609 1750 παιδοποιεῑθ’.
628 1697 666 1760 ὡς
683 1693 827 1765 ἀλόγιστός
846 1692 900 1750 ἐστ’
924 1694 1011 1764 ἀνήρ,

333 1763 364 1827 ὃς
383 1765 451 1834 μήτε
470 1766 601 1836 φυλακὴν
619 1776 675 1820 τῶν
694 1765 858 1836 ἀναγκαίων
878 1765 949 1836 ἔχει,

331 1834 397 1904 μήτ’
419 1834 456 1891 ἀν
475 1837 616 1908 ἀτυχήσας
635 1838 674 1900 εἰς
691 1837 727 1891 τὰ
746 1837 829 1892 actv&
847 1843 897 1892 τοῦ
916 1834 981 1909 βίον

333 1907 507 1998 ἐπαγφιέσαι
525 1908 642 1962 δύναιτο
661 1917 743 1983 τοῦτο
762 1907 908 1980 χρήμασιν,

331 1978 381 2032 ἀλλ
417 1979 448 2034 ἐν
467 1979 618 2053 ἀκαλύπτῳ
637 1981 686 2034 καλ
703 1981 870 2052 ταλαιπώρῳ
890 1976 940 2051 βίῳ

333 2050 532 2120 χειμαζόμενος
552 2053 597 2122 ζῇ,
615 2059 671 2105 τῶν
690 2049 742 2120 μὲν
760 2052 885 2118 ἀνιαρῶν
906 2051 977 2120 ἔχων

331 2120 364 2174 τὸ
383 2119 466 2191 μέρος
484 2119 627 2191 ἁπάντων,
646 2131 702 2176 τῶν
722 2120 749 2176 δ’
771 2123 892 2192 ἀγαθῶν
911 2119 996 2176 οὐδὲν
1015 2117 1111 2191 μέρος·

334 2191 405 2260 ὑπὲρ
424 2192 477 2262 γὰρ
498 2193 560 2256 ἑνὸς
578 2194 671 2262 ἀλγῶν
690 2191 819 2255 ἅπαντας
840 2196 976 2247 νουθετῶ.

111 2284 113 2290 ’
174 2261 220 2316 Ad
229 2262 329 2316 horum
339 2265 435 2316 autem
445 2263 637 2318 sinceritatem
650 2263 857 2332 caritatemque
871 2263 1022 2317 uerborum
1037 2280 1074 2318 an
1083 2261 1191 2335 aspira-

175 2332 250 2386 uerit
273 2332 412 2386 Caecilius
436 2333 653 2390 consideremus.
689 2335 794 2389 Versus
817 2337 884 2389 sunt
906 2333 937 2388 hi
960 2333 1066 2388 Caecili
1081 2335 1192 2388 'uunca

175 2404 317 2472 quaedam
340 2421 375 2458 ex
397 2405 553 2460 Menandro
575 2405 695 2460 dicentis
715 2408 744 2460 et
762 2404 964 2460 consencientis
982 2405 1071 2460 uerba
1089 2405 1192 2475 tragici

175 2475 309 2530 tumoris:
337 2475 366 2528 is
395 2475 540 2529 demum’
562 2493 584 2530 e.
604 2494 630 2544 q.
652 2495 672 2531 s.
712 2477 835 2546 ‘Itaque,
863 2479 896 2530 ut
919 2493 1004 2546 supra
1027 2476 1099 2546 dixi,
1129 2493 1193 2532 cum

175 2547 246 2600 haec
265 2545 371 2600 Caecili
390 2563 515 2600 seorsum
533 2547 606 2618 lego,
625 2564 660 2601 ne
679 2547 809 2616 utiquam
828 2547 961 2601 uidentur
979 2547 1093 2617 ingrata
1110 2546 1192 2617 igna-

175 2633 280 2685 naque;
310 2634 374 2670 cum
400 2619 495 2671 autem
521 2617 629 2672 Graeca
654 2635 786 2688 comparo
813 2621 842 2672 et
866 2617 1019 2688 contendo,
1045 2635 1103 2672 non
1121 2621 1191 2687 puto

176 2688 330 2743 Caecilium
344 2687 424 2756 sequi
439 2688 570 2742 debuisse
585 2690 661 2757 quod
672 2689 784 2758 assequi
793 2688 943 2757 nequiret’
965 2688 1075 2742 Nonius
1085 2694 1146 2757 304,
1158 2695 1192 2742 28

166 2759 302 2814 ·‘factio
324 2759 427 2813 iterum
446 2759 587 2829 signifieat
606 2759 794 2830 opulentiam,
817 2759 1024 2814 abundantiam
1042 2762 1071 2813 et
1088 2759 1192 2813 nobili·

174 2833 285 2886 tatem.
302 2874 308 2886 .
325 2876 330 2886 .
346 2829 520 2885 Caecilius
534 2831 779 2896 Filiuminalta
798 2848 916 2885 eorum
933 2831 1058 2884 famam
1077 2831 1192 2884 occul-

175 2903 276 2956 tabat
300 2901 431 2956 factio?
471 2899 511 2956 Cf.
530 2901 651 2958 Philum.
670 2901 703 2957 Il.
740 2901 836 2956 Facile
855 2901 910 2956 tibi
927 2901 1099 2972 persuadeas
1118 2901 1192 2954 exci-

174 2972 456 3028 dissePhilumenae
479 2973 573 3028 locum
596 2976 625 3028 et
652 2991 764 3029 versam
790 2980 808 3028 4
835 2973 867 3027 in
893 2973 938 3028 his
962 2972 1074 3041 laterec
1092 2975 1193 3026 contra

178 3043 266 3098 sentit
284 3043 437 3098 Crauertur
456 3043 538 3099 Anal.
559 3051 618 3100 110.

248 3156 262 3202 1
282 3149 487 3206 infortunatust
505 3151 665 3222 Spccpeliua
683 3153 727 3205 est
744 3151 937 3206 infortunatus
956 3171 977 3204 ω
997 3149 1191 3204 infortunatus

175 3224 220 3275 est
237 3222 295 3276 edd.
315 3229 375 3276 cett.
448 3221 533 3275 homo
551 3223 669 3292 Pauper,
689 3220 739 3290 qui
756 3224 837 3293 calpe
919 3227 935 3275 2
955 3223 1083 3290 egestate
1103 3238 1119 3280 ς

176 3298 192 3346 3
211 3293 244 3345 ut
258 3294 301 3346 est
316 3293 376 3348 Vct.
391 3293 458 3363 ch.
469 3292 553 3362 Bou,
568 3295 682 3348 correct.
701 3295 745 3347 est
758 3295 792 3346 ut
807 3310 823 3351 ς
837 3295 916 3346 utut
930 3295 974 3346 est
987 3295 1052 3348 olim
1065 3293 1194 3370 dederat

229 3366 313 3468 pated
332 3398 406 3454 Rott.
466 3397 606 3452 tfamem
624 3399 698 3454 aon.
758 3398 873 3453 facilem
891 3399 965 3454 aar
991 3399 1051 3454 Vct.
1071 3399 1138 3470 aa.

165 3469 234 3528 ¹Hic
260 3471 410 3524 versiculus
437 3472 514 3539 apud
541 3469 666 3526 Nouium
684 3475 745 3538 304,
765 3475 799 3524 28
825 3471 934 3526 uidetur
956 3469 1050 3539 latere,
1074 3471 1123 3526 abt
1151 3469 1193 3524 ita

177 3556 273 3594 eorum
291 3540 398 3594 famam
416 3541 580 3596 occultabat
597 3541 693 3597 factio.
732 3542 799 3597 Vide
816 3557 903 3610 capra
