2674 3950
594 276 768 330 ANONYMI

507 501 852 586 ANONYMI

631 677 740 734 FABA

243 796 354 861 Cicero
378 796 418 860 ad
439 793 506 859 Att.
526 793 542 858 Ι
569 795 681 879 16,13
705 795 848 859 ‘uidesne
871 795 1074 859 consulatum
1097 795 1191 859 illum

174 907 333 987 nostrum,
356 923 452 986 quem
473 899 569 966 Curio
594 905 688 965 antea
706 899 899 966 ἀποθέωσιν
922 901 1068 986 uocabat,
1092 903 1119 966 si
1138 903 1191 966 hic

173 1011 278 1074 fectus
302 1009 376 1093 erit,
398 1008 538 1072 Fabam
560 1008 714 1072 mimum
737 1006 923 1071 futurum?'

247 1131 353 1185 Seneca
373 1130 551 1199 apocoloc.9
577 1129 669 1197 ‘olim,
696 1128 801 1198 inquit,
828 1146 998 1199 magnares
1023 1133 1084 1184 erat
1108 1131 1192 1184 deum

176 1202 244 1271 fieri,
263 1201 322 1256 iam
335 1201 460 1256 famam
475 1200 593 1254 mimum
611 1199 740 1254 fecistis!
770 1199 840 1255 eum
858 1201 934 1270 apud
952 1203 1102 1270 utrumque
1121 1203 1192 1256 ἀπο-

174 1277 304 1336 θεώσεως
321 1273 428 1327 mentio
444 1272 503 1341 fiat,
523 1274 719 1342 argumentum
737 1271 816 1325 mimi
831 1271 878 1326 vix
893 1271 972 1326 aliud
990 1271 1077 1326 fuisse
1096 1275 1191 1342 potest

175 1363 261 1414 quam
282 1343 454 1414 Pythagorei
475 1343 512 1397 de
534 1343 704 1412 migratione
728 1342 839 1397 animae
864 1343 1005 1412 dogmatis
1026 1346 1189 1413 praecepto-

175 1433 292 1485 rumque
308 1416 344 1469 ad
357 1415 464 1469 victum
481 1414 684 1484 pertinentium
697 1413 795 1468 inrisio
810 1413 886 1484 (hist.
899 1431 974 1484 poes.
985 1414 1065 1470 Rom.
1077 1415 1104 1468 1¹
1119 1421 1191 1472 226).

175 1488 270 1542 Fabae
284 1487 442 1541 reverentia
458 1488 594 1554 quantam
608 1485 719 1540 ridendi
738 1485 886 1539 materiam
903 1485 1075 1555 praebuerit,
1093 1503 1191 1540 causa-

175 1576 237 1611 rum
260 1557 364 1626 quibus
388 1555 562 1611 abstinentia
586 1556 646 1611 eius
668 1573 691 1612 e.
711 1574 733 1610 c.
753 1555 783 1610 iu
802 1556 950 1626 Porphyrii
968 1556 1029 1611 vita
1052 1574 1075 1613 c.
1090 1563 1125 1611 44
1147 1557 1193 1610 fir-

174 1633 270 1684 matur
295 1628 411 1698 ineptiis
439 1627 508 1682 satis
537 1627 705 1683 declaratur.
746 1627 857 1682 Novam
881 1644 970 1698 nuper
996 1627 1194 1682 adolationem

175 1700 308 1754 inanibus
328 1701 499 1753 exstructam
519 1699 691 1768 argumentis
710 1716 760 1768 pro
780 1701 857 1752 certa
875 1698 1005 1752 vendidit
1021 1699 1071 1754 Th.
1082 1699 1144 1754 Birt
1161 1699 1192 1752 in

176 1771 312 1826 Dieterici
330 1770 488 1824 Puleinella
503 1776 553 1823 277
565 1788 604 1838 sq.
625 1771 740 1838 eiusque
760 1770 910 1824 adsensum
928 1769 996 1823 tulit
1014 1788 1040 1839 p.
1057 1776 1098 1824 91.
1133 1771 1193 1824 Nee

145 1874 146 1878 ,
175 1843 309 1896 fatuum
323 1841 458 1895 mimum
471 1841 568 1912 probo,
584 1842 660 1909 quod
670 1841 740 1896 O.E.
751 1840 878 1896 Schmidt
887 1840 1030 1912 Philologi
1039 1860 1065 1896 n.
1075 1842 1129 1896 sX
1140 1848 1193 1896 554

175 1913 330 1985 proposuit.

519 2061 851 2121 LASERPIOIARIVS

242 2182 415 2247 Petronius
438 2204 463 2246 c.
483 2181 525 2246 35
550 2181 660 2265 ‘atque
688 2181 756 2265 ipse
784 2181 881 2246 etiam
907 2183 1092 2247 taeterrima
1114 2203 1195 2246 uoce

178 2290 216 2354 de
239 2289 471 2374 Laserpiciario
495 2289 594 2354 mimo
619 2289 812 2352 canticum
836 2289 993 2354 extorsit?

619 2505 754 2566 TVTOR

250 2608 290 2663 cf.
310 2623 392 2662 anon.
410 2605 487 2660 mim.
506 2605 628 2660 IV-VI.

247 2717 359 2783 Cicero
388 2717 426 2781 de
454 2720 533 2781 orat.
557 2715 590 2780 ΙΙ
618 2716 674 2800 64,
699 2715 763 2779 259
792 2716 870 2780 ‘non
896 2716 1054 2780 insulsum
1081 2719 1197 2803 genus’

180 2822 337 2912 (ridiculi)
362 2823 413 2888 ‘ex
437 2845 487 2908 eo,
513 2844 588 2887 cum
611 2823 651 2886 ad
673 2822 824 2907 uerbum,
852 2845 917 2887 non
941 2824 982 2887 ad
1003 2823 1198 2888 sententiam

179 2955 247 2996 rem
278 2931 421 3015 accipere
451 2929 593 3013 uideare,
627 2951 666 2993 ex
695 2951 758 3013 quo
789 2951 854 2994 uno
885 2951 1001 3016 genere
1030 2933 1119 2994 totus
1149 2934 1199 2994 est

180 3039 291 3124 Tutor,
314 3039 433 3102 mimus
455 3040 550 3100 uetus
574 3035 693 3120 oppido
717 3035 892 3100 ridiculus’

551 3255 669 3314 ALIVS
693 3254 821 3314 MIMVS

252 3371 353 3426 onris
378 3374 474 3442 partes
500 3371 667 3441 Thymelen,
695 3369 790 3425 mariti
819 3369 984 3434 Corinthum
1012 3371 1103 3441 egisse
1131 3385 1200 3424 con-

180 3442 311 3510 legerrmt
334 3459 368 3496 ex
390 3443 532 3497 Iuvenalis
555 3443 615 3496 VIII
635 3448 684 3496 197
710 3443 840 3496 ‘mortem
863 3442 903 3496 sic
926 3441 1076 3511 quisquam
1099 3441 1200 3495 exhor-

181 3511 252 3580 ruit,
279 3516 312 3567 ut
340 3513 377 3568 sit
402 3513 553 3582 Zelotypus
577 3513 740 3582 Thymeles,
769 3512 876 3582 stupidi
903 3513 1013 3582 collega
1036 3511 1199 3568 Corinthit’

183 3582 312 3636 Ceterum
331 3584 365 3639 of.
382 3583 494 3638 Horatii
509 3587 561 3640 sat.
577 3585 603 3638 Π
618 3592 641 3654 7,
657 3591 691 3638 59
707 3603 747 3653 sq.
766 3583 906 3638 Martialis
921 3586 934 3638 I
952 3593 977 3652 4,
993 3590 1009 3638 ὅ
1028 3584 1053 3638 II
1069 3589 1109 3653 72,
1124 3591 1140 3638 3
1156 3601 1200 3653 sq.

181 3652 361 3722 V61,11sq.
381 3658 410 3708 et
427 3655 501 3709 infra
520 3656 553 3710 fr.
568 3655 692 3710 XXXIV.
