2670 3948
566 211 770 266 PRAEFATIO

321 381 357 439 H
372 407 414 427 =
433 380 619 442 Harleianus

326 470 355 528 L
375 495 416 516 =
435 468 589 530 Leideneis

318 559 359 616 M
375 585 417 605 =
436 557 727 635 Montispessnlanus

332 646 356 706 0
376 673 417 694 =
438 644 614 706 Oxoniensis

330 735 359 794 P
375 763 416 783 =
436 735 590 794 Parisinus

317 825 359 885 W
374 851 416 872 =
436 823 732 884 Wolfenbuttelanus

326 913 358 972 X
376 941 418 961 =
437 911 590 972 Leidensis
613 911 691 970 alter

335 1002 353 1062 d
376 1029 418 1049 =
440 999 566 1060 extracti
585 1018 660 1076 quos
679 997 793 1062 Onions
812 1000 886 1060 dicit
904 1003 1019 1062 codices

485 1080 752 1171 (BcODMOX).

233 1179 373 1240 Ceterum
390 1178 423 1236 in
439 1177 685 1256 recognoscendis
703 1181 863 1254 poetarum
880 1179 1083 1240 scaenicorum
1097 1179 1179 1238 Lati-

165 1287 274 1330 norum
292 1266 428 1344 reliquiis
447 1285 501 1326 nec
519 1266 594 1325 mihi
613 1285 668 1327 nec
686 1267 755 1328 aliis
773 1288 821 1328 me
839 1287 985 1346 umquam
1008 1267 1179 1328 satisfactu-

165 1377 234 1417 rum
261 1375 324 1416 esse
351 1374 412 1413 non
436 1373 483 1414 me
511 1355 593 1434 fugit
619 1356 763 1432 profecto.
811 1375 997 1434 quamquam
1025 1357 1183 1416 laudatam

165 1445 253 1506 hodie
270 1463 289 1503 a
307 1443 412 1503 multis
430 1443 603 1504 cautionem
622 1444 683 1504 sive
702 1445 881 1504 modestiam
900 1445 961 1504 sive
980 1445 1182 1523 prudentiam,

167 1552 245 1612 quae
268 1532 406 1593 crucibus
425 1532 554 1592 maxime
577 1531 702 1610 figendis
721 1535 753 1592 ct
775 1533 915 1592 cancellis
938 1533 1000 1592 sive
1020 1533 1181 1609 saepiculis

166 1621 391 1698 interponendis
410 1624 441 1680 et
463 1620 635 1680 litterarum
658 1621 763 1680 formis
784 1620 975 1697 obliquandis
994 1620 1128 1680 cernitur
1145 1640 1182 1680 ne

168 1710 418 1790 septuagenarius
448 1709 570 1786 quidem
600 1709 733 1788 adspiro,
767 1709 820 1786 qui
847 1709 1006 1769 restituere
1033 1711 1070 1768 ut
1096 1727 1184 1785 posse

167 1801 271 1862 videor
288 1800 389 1859 lacera
407 1801 567 1875 poetarum
583 1797 683 1875 verba,
701 1817 762 1858 non
777 1801 948 1874 temporum
966 1797 1182 1874 hominumque

167 1889 280 1948 iniuria
312 1888 431 1948 effectas
464 1881 634 1947 ‘vastitates
666 1881 820 1946 funernm'
850 1905 995 1963 exponere
1030 1886 1182 1963 proposui.

168 1997 222 2038 nco
245 1978 391 2036 fallentur
412 1976 547 2053 profecto
571 1975 694 2054 creduli,
722 1975 776 2051 qui
798 1975 959 2036 memoriae
983 1995 1075 2052 quam
1097 1995 1185 2036 rens·

169 2069 276 2126 rantur
294 2068 431 2126 sanctam
449 2064 578 2141 speciem
596 2063 675 2122 infra
697 2063 838 2142 religiose
857 2066 1008 2124 servatam
1025 2064 1063 2124 ob
1083 2065 1185 2124 oculos

169 2155 289 2214 habent.
340 2173 374 2214 ae
401 2153 528 2214 feliciori
556 2152 677 2229 quidem
701 2152 822 2230 ingenio
845 2173 906 2213 non
933 2172 1011 2230 nego
1038 2153 1185 2213 mehercle

169 2245 287 2322 largam
309 2243 553 2302 emendationum
572 2241 731 2301 meliorum
753 2260 879 2301 messem
897 2241 1036 2302 relictam
1054 2259 1126 2320 esee,
1149 2245 1186 2300 ut

170 2331 346 2392 Buecheleri
361 2331 421 2390 mei
435 2329 586 2390 sollertiae
602 2333 633 2389 et
650 2329 804 2390 doctrinae
818 2331 917 2390 multa
930 2350 978 2389 me
992 2330 1025 2388 in
1037 2330 1094 2390 hoc
1113 2349 1186 2406 quo·

172 2439 229 2498 que
241 2419 393 2480 volumine
407 2419 525 2497 egregie
535 2419 584 2478 vel
594 2419 760 2478 constituta
769 2419 818 2479 rel
829 2419 973 2478 restituta
982 2418 1087 2478 debere
1099 2422 1187 2496 grato

172 2509 271 2569 animo
290 2509 396 2568 fateor.
425 2507 477 2567 sed
494 2509 611 2566 restant
629 2509 660 2567 et
677 2507 836 2566 restabunt
855 2527 972 2584 semper
991 2507 1071 2566 etin
1090 2507 1189 2568 verbis

172 2601 202 2657 et
224 2597 257 2655 in
279 2596 412 2655 numeris
435 2595 619 2656 excutiendis
642 2595 867 2656 dubitationum
892 2595 1029 2673 nebulae,
1054 2615 1132 2672 quae
1151 2615 1188 2656 ne

171 2685 437 2746 subtilissimarum
460 2683 582 2761 quidem
605 2684 847 2760 disputationum
874 2685 988 2744 aculeis
1011 2685 1121 2744 discuti
1143 2684 1189 2742 ita

171 2775 301 2853 possint,
327 2776 363 2833 ut
385 2773 522 2834 veritatis
544 2773 598 2832 lux
620 2773 687 2848 ipsa
710 2775 867 2849 appareat.
910 2773 1075 2834 manebunt
1098 2772 1190 2832 etiam

173 2882 289 2941 semper
316 2862 369 2939 qui
397 2880 474 2938 quae
502 2861 717 2940 grammaticae
745 2862 901 2922 elementis
927 2882 988 2922 non
1012 2863 1113 2936 aperte
1137 2879 1189 2937 op·
1313 2905 1314 2942 ,

171 2953 309 3030 pugnent
331 2951 495 3028 prudenter
517 2950 664 3010 servanda
686 2969 749 3010 csse
773 2951 914 3028 clament,
938 2951 973 3009 de
996 2968 1097 3008 rerum
1114 2948 1189 3008 ima·
1313 2953 1314 3022 l

173 3041 242 3118 gine
261 3043 292 3100 et
310 3058 481 3100 sermonum
500 3039 636 3098 sensibus
656 3041 687 3098 et
704 3057 901 3115 personarum
915 3037 1065 3098 coloribus
1085 3038 1190 3098 securi.
1313 3031 1314 3058 ¹

240 3129 348 3204 Itaque
382 3147 483 3187 cruces
511 3145 581 3186 suas
610 3126 667 3186 sibi
698 3128 828 3188 habento
857 3127 910 3205 qui
937 3126 1020 3186 ultra
1050 3126 1189 3188 librarios

174 3236 277 3293 sapere
300 3236 361 3276 non
385 3216 511 3276 audent:
538 3215 704 3275 admirarer
729 3216 873 3276 libentius
900 3215 926 3275 si
953 3215 1003 3276 cui
1031 3218 1192 3275 cautorum

173 3307 300 3365 istorum
330 3305 488 3365 hominum
517 3305 566 3365 vel
595 3323 688 3363 unam
717 3323 835 3365 crucem
865 3307 947 3364 certa
979 3304 1187 3364 emendatione

172 3394 332 3472 profligare
356 3393 538 3471 contigisset.

242 3482 300 3541 Sed
332 3481 525 3541 corollarium
557 3482 682 3541 tertium
714 3483 870 3541 contexere
903 3484 933 3540 et
965 3481 1120 3556 disputare
1152 3480 1188 3539 de
1312 3481 1313 3496 ³

174 3571 302 3649 singulis
326 3570 553 3648 quaestionibus
580 3571 612 3628 in
640 3570 740 3630 animo
766 3590 826 3630 non
852 3568 927 3629 erat.
974 3568 1187 3647 corrigenda
