2674 3950
465 263 664 318 MARVLLVS
699 263 864 318 LVCILIVS
1107 264 1173 329 373

228 424 340 480 Servius
358 425 389 478 in
408 425 476 479 Aen.
491 425 543 478 VH
562 429 613 477 499
635 425 750 494 ‘perque
769 423 832 496 ilia]
855 424 909 478 hoc
927 423 966 478 ile
985 426 1014 478 11
1032 425 1103 478 haec
1121 423 1173 478 ilia

155 497 233 552 facit.
266 496 332 551 hinc
351 499 380 550 et
398 495 554 551 quenalis:
573 494 618 549 uis
636 495 724 550 frater
743 495 779 548 ab
798 494 867 565 ipsis
881 494 989 551 ilibus?
1010 513 1078 550 nam
1096 496 1172 564 quod

99 629 101 633 ,
155 567 324 624 Marullus
345 566 601 637 mimographus
623 566 725 622 dixit:
750 567 916 635 tu’c.'q.s.
951 569 1035 621 ‘cum
1054 567 1094 620 de
1112 585 1172 637 gu-

155 642 230 695 1010
254 639 399 708 diceret,
424 637 551 692 allusit
572 637 614 692 ad
638 637 800 692 ciuitatis
819 654 947 692 nomen.
984 655 1051 692 nam
1070 639 1112 692 ab
1130 638 1173 691 ili

97 712 106 728 “
156 712 256 767 debuit
276 710 389 764 dicere’
427 710 505 764 Idem
523 709 553 763 in
572 709 622 763 ecl.
637 709 690 764 VH
709 715 743 764 26
763 710 940 778 ‘rumpantur
957 708 1075 782 utilia]
1100 709 1174 764 sicut

156 783 243 838 etiam
261 781 292 836 in
310 780 435 836 Aeneide
455 780 589 850 diximus,
611 781 665 835 hoc
683 781 722 835 ile
741 781 858 835 ethaeo
876 779 928 834 ilia
946 780 1018 834 facit
1037 825 1042 836 .
1060 825 1065 834 .
1082 825 1087 834 .
1106 798 1174 834 nam

154 853 292 909 Marullus
320 852 531 922 mimographus
559 851 729 922 contempsit
756 854 846 906 artem
875 852 911 906 ad
938 851 1032 906 iocum
1056 869 1172 906 mouen-

156 926 236 994 dum,
264 927 298 979 et
324 924 482 993 parasito
508 922 611 979 dixit:
636 927 674 978 tu
699 926 736 977 ut
761 923 888 977 Hector
916 923 957 977 ab
984 922 1051 977 Ilio
1079 939 1173 976 num-

155 1015 254 1066 quam
280 995 423 1050 recedis.
467 998 511 1050 est
538 997 634 1050 autem
660 992 714 1049 hoc
742 994 850 1050 dictum
876 1011 928 1065 per
955 993 1174 1048 amaritudinem

154 1068 309 1122 rusticam?

227 1174 349 1230 Marulli
362 1173 444 1227 uerba
457 1173 489 1226 iu
501 1175 624 1228 eutarico
636 1175 740 1244 redepit
752 1174 872 1228 Bothiuc
925 1172 1039 1226 imitare
1056 1173 1088 1228 G.
1099 1173 1172 1227 Her-

155 1263 275 1301 101111
297 1243 418 1298 imitaris
437 1243 548 1299 Seruius
567 1245 623 1298 loco
642 1247 749 1314 priore:
772 1247 858 1300 altero
879 1261 947 1299 usus
967 1245 1121 1300 testimonio
1139 1247 1172 1298 ut

155 1317 259 1371 Hector
277 1318 309 1370 tu
327 1314 435 1370 recedis
453 1331 608 1384 numquam
627 1315 663 1368 ab
682 1315 736 1369 Ilio
754 1317 951 1372 conmmanit
970 1317 1032 1371 Bae

646 1519 679 1578 H

222 1620 325 1686 Iulius
347 1618 550 1706 Capitolinus
573 1621 608 1685 in
630 1620 698 1685 vita
715 1619 874 1686 Antonini
896 1621 1084 1708 philosophi
1107 1643 1132 1685 c.
1153 1621 1172 1686 8

156 1729 276 1814 ‘adepti
308 1727 481 1812 imperium
512 1727 560 1792 ita
591 1727 733 1792 ciuiliter
764 1750 798 1793 se
829 1727 924 1793 ambo
955 1731 1105 1816 egerunt,
1136 1731 1174 1792 ut

154 1836 321 1902 lenitatem
343 1834 396 1899 Pii
419 1856 513 1900 nemo
538 1834 740 1921 desideraret,
768 1857 841 1900 cum
864 1857 919 1900 eos
941 1835 1100 1899 Marullus
1123 1835 1174 1898 sui

155 1943 311 2028 temporis
338 1941 582 2028 mimographus
612 1942 794 2007 cauillando
826 1942 947 2027 inpune
979 1942 1174 2028 perstringe-

154 2051 224 2114 ret'
264 2047 310 2114 cf.
333 2052 500 2133 praeterea
522 2071 615 2114 anon.
634 2049 723 2114 mim.
741 2050 780 2114 fr.
800 2048 855 2115 XI.

436 2376 891 2462 LVGILIVS

101 2610 106 2617 .
227 2559 333 2614 Seneca
356 2559 438 2628 epist.
458 2565 483 2629 8,
503 2566 519 2614 9
544 2560 680 2614 ‘alienum
704 2563 748 2616 111
770 2577 864 2629 omne,
888 2560 1025 2630 quicquid
1048 2561 1173 2630 optando

155 2629 252 2684 euenit
271 2629 346 2702 [Syri
360 2633 430 2685 sent.
443 2631 478 2702 1].
507 2631 583 2686 hunc
601 2648 714 2686 uersum
733 2649 750 2686 a
767 2635 797 2686 te
817 2632 874 2687 dici
892 2651 949 2687 non
967 2631 1053 2701 paulo
1071 2631 1173 2685 melius

156 2702 205 2756 sed
224 2701 387 2756 adstrictius
405 2701 533 2758 memini:
554 2720 621 2757 non
644 2706 697 2756 est
719 2705 824 2757 tuum’
841 2721 864 2759 e.
879 2722 905 2772 q.
921 2722 942 2759 s.
978 2703 1068 2756 ‘Illud
1086 2703 1174 2757 etiam

154 2791 229 2827 nunc
260 2772 361 2826 melius
392 2773 500 2826 dictum
528 2791 545 2828 a
571 2777 600 2828 te
630 2791 688 2828 non
718 2775 892 2844 praeteribo:
926 2774 1000 2828 dari
1032 2775 1171 2829 bonum’

155 2861 177 2899 e.
194 2863 220 2914 q.
237 2862 257 2900 s.
290 2844 477 2970 &rettulerunt
494 2844 569 2899 inter
587 2845 764 2901 Publilianas
783 2845 953 2902 sententias:
973 2845 1172 2901 essentiale.

483 3085 648 3145 INOERTI
670 3085 841 3146 NOMINIS

656 3212 672 3269 I

152 3310 229 3377 Non
253 3313 302 3375 est
324 3313 431 3397 tuum,
454 3312 585 3377 fortuna
609 3313 696 3397 quod
718 3312 796 3377 fecit
818 3317 920 3378 tuum.

649 3532 681 3591 Π

154 3629 237 3695 Dari
257 3632 379 3697 bonum
403 3633 490 3717 quod
512 3634 633 3721 potuit,
658 3634 781 3700 auferri
800 3638 917 3720 potest.
