2694 3952
204 210 268 276 192
525 209 557 266 Τ.
577 207 772 276 QVINOTIVS
790 208 889 264 ΑΤΤΑ

202 369 284 426 testis
299 371 344 426 eet
357 369 484 425 Cloatius
500 414 505 427 .
522 413 528 426 .
544 413 550 427 .
565 386 629 424 eum
644 369 685 424 sie
698 369 753 426 aia
772 387 830 424 nux
845 369 953 425 Graeca
966 369 1127 440 amygdalo.
1151 370 1222 425 Atta

202 457 270 496 uero
297 440 328 496 in
357 441 584 523 supplicatione:
611 457 713 523 aunem
741 441 891 510 Graecam,
919 440 1025 510 inquii,
1054 440 1220 510 seuumque'

203 529 226 567 e.
246 530 272 580 q.
293 529 313 568 s.
351 512 477 567 Med1eus
497 513 576 582 loqu1
594 512 719 570 ndeiur:
739 512 773 568 ef.
794 511 1103 581 Celsuemed.IH17‚
1123 518 1148 568 4.

161 671 163 676 ,
273 635 374 674 nucem
393 619 530 674 Graecam
552 619 706 688 fanumque
730 619 804 673 adde
822 622 962 688 quantum
984 619 1057 673 libet
1079 639 1109 674 ω.
1147 620 1222 676 Peto

202 693 294 762 ipsam
307 691 483 747 Macrobium
495 692 637 746 aerioma
650 692 774 746 arietem
787 693 957 748 immutasse:
976 689 1112 746 Thasiam
1130 697 1222 747 aetem

202 778 304 888 {affin
321 763 416 834 aliquo
434 763 513 818 mode
531 762 706 828 inferendam
724 778 778 818 ease
792 779 847 831 pro
864 769 936 819 certo
953 763 1051 819 habeo:
1074 763 1110 830 ef.
1130 763 1220 818 eeroll.

506 963 600 1025 TIRO
630 963 916 1026 PROFIOISOENS

201 1083 298 1150 Pater
320 1084 474 1150 ussieatur
497 1087 573 1149 ttius
597 1105 637 1148 an
660 1087 764 1150 maier
787 1085 886 1150 ussiea
909 1085 979 1150 esi?

272 1206 433 1261 Priscianus
458 1224 485 1276 p.
506 1210 558 1260 828
577 1205 607 1260 P.
633 1207 662 1260 ‘a
684 1205 771 1260 nilico
797 1206 885 1261 etiam
909 1205 995 1261 uilieo
1021 1206 1068 1260 uel
1094 1205 1221 1261 uilieor

202 1277 337 1334 dicebant
351 1277 462 1348 antiqui
478 1321 484 1334 .
499 1319 506 1334 .
522 1321 529 1334 .
543 1277 614 1332 Atta
627 1276 658 1332 in
672 1277 775 1332 Tirone
788 1277 998 1347 proficiscente:
1017 1279 1110 1348 pater'
1126 1294 1149 1333 e.
1160 1296 1186 1347 q.
1198 1297 1220 1335 s.

273 1385 420 1441 Saevitiam
437 1400 491 1440 eeee
505 1400 585 1454 posse
602 1385 710 1440 moriae
728 1385 881 1442 Maeliana
895 1385 1005 1454 proeod.
1021 1385 1115 1441 Placet.
1132 1389 1184 1440 130

201 1458 284 1525 pater
295 1455 448 1510 Vsslieatur
465 1457 547 1512 ceteri
601 1471 638 1510 an
655 1456 755 1524 eeripai
772 1455 831 1510 iam
849 1476 870 1510 ω
925 1455 1044 1522 uilieaia
1062 1458 1104 1526 (ta
1118 1457 1169 1512 del.
1184 1474 1221 1515 m.

201 1529 260 1596 alt.)
279 1527 369 1599 Bonq.
388 1525 489 1581 uilioat
506 1528 532 1582 ei
550 1527 665 1598 laquear,
683 1528 760 1582 haee
777 1529 921 1597 deplieeat

478 1711 532 1772 ax
555 1710 742 1772 nicaeae
766 1712 937 1772 eaevais
1023 1687 1028 1697 ’

701 1836 718 1898 1

200 1936 333 2005 Annam
360 1959 483 2004 nouum
509 1938 685 2004 uoluerunt
711 1960 779 2004 esse
801 1936 944 2023 primum
968 1959 1112 2004 mensem
1135 1937 1221 2004 Meir-

372 2033 382 2050 *
952 2044 1044 2110 tium.

272 2165 293 2220 Ι.
312 2164 346 2219 Π.
374 2164 487 2220 Servius
514 2165 654 2220 Lemovie.
672 2165 703 2219 in
726 2182 821 2237 georg.
840 2166 906 2220 143
935 2166 975 2220 ‘et
1003 2165 1148 2220 sciendum
1175 2169 1220 2221 est

202 2237 299 2290 decem
320 2237 433 2290 tantum
455 2252 565 2290 menses
588 2236 675 2291 fuisse
699 2237 776 2306 apud
798 2236 927 2292 maiores.
965 2237 1100 2292 Martium
1123 2239 1219 2292 autem

202 2307 268 2361 anni
286 2306 457 2377 principium
475 2308 580 2362 habere
599 2307 751 2363 uoluerunt
770 2353 775 2362 .
793 2353 798 2363 .
815 2351 821 2363 .
841 2309 911 2363 Atta
930 2308 966 2380 [I]
986 2310 1015 2362 et
1034 2307 1105 2362 alibi
1124 2309 1185 2382 [Π]’

691 2458 723 2517 Π

737 2542 875 2608 maiores
898 2540 1053 2607 Martium

147 2652 182 2702 20
200 2629 347 2696 Piimum
370 2629 562 2696 habuerunt.

686 2760 733 2820 ΠΙ

201 2914 209 2927 .
232 2884 291 2948 pro
314 2861 435 2948 populo
459 2862 577 2926 flaeius
600 2882 710 2928 eaeeos
733 2861 858 2928 ficiunt
879 2883 938 2946 per
962 2861 1163 2928 discerdiam.

272 2982 423 3037 Suetonius
442 2983 519 3053 apud
537 2983 676 3038 Isidorum
695 2983 730 3037 de
748 2982 858 3036 naturis
872 2997 965 3037 rerum
978 2989 1014 3038 44
1028 3001 1055 3053 p.
1072 2989 1106 3037 ⁷4
1125 2983 1168 3038 ed.
1183 2981 1216 3038 G.

200 3053 309 3108 Becker
323 3053 363 3123 (in
377 3053 512 3108 Suetonio
526 3054 796 3110 Reifferscheidiano
810 3073 837 3124 p.
853 3058 915 3124 244)
932 3056 1070 3110 ‘caecus
1084 3054 1217 3108 fluetus

201 3125 322 3178 tumens’
348 3124 401 3195 (ita
427 3125 461 3180 H.
480 3125 694 3207 Langensiepen
718 3126 836 3180 ‘tamen’
861 3125 933 3196 eod.)
962 3126 1093 3180 ‘necdum
1121 3128 1218 3180 tamen

201 3211 301 3264 canus,
325 3195 360 3249 de
384 3213 439 3264 quo
458 3197 529 3250 Atta
546 3214 577 3250 m
599 3200 700 3268 togata
724 3197 764 3251 eie
787 3196 842 3252 aii:
864 3196 981 3266 populo’
1002 3213 1025 3252 e.
1041 3215 1067 3266 q.
1083 3215 1103 3251 a.
1123 3197 1219 3266 (Atta

201 3265 358 3320 Gronovius
374 3266 464 3322 atita
478 3267 576 3323 Bamb.
587 3268 620 3338 A,
632 3269 713 3323 Bern.
724 3269 754 3322 M
769 3271 849 3324 aeia
863 3267 943 3323 Bodl.
959 3271 1036 3324 cato
1050 3267 1148 3323 Basill.
1159 3267 1218 3338 OD)

272 3373 397 3428 Primam
414 3375 550 3445 syllabam
567 3374 578 3427 i
596 3377 638 3432 ael
655 3374 687 3428 hi
704 3376 746 3431 eal
764 3373 813 3444 qui
831 3376 873 3431 vel
891 3373 915 3428 ei
933 3375 1039 3444 explere
1054 3376 1148 3445 potuit

199 3459 250 3512 pro
268 3443 377 3526 ⁸populo
403 3444 591 3527 (9⁰¹⁰.1.³‘⁸.⁸²⁷l·
611 3447 653 3516 D)
672 3467 707 3502 a:
735 3463 785 3516 pro
808 3447 872 3513 fert.
892 3447 1036 3502 delendam
1060 3453 1111 3502 eat
1132 3462 1216 3516 porro

200 3516 390 3640 4444444
427 3515 695 3647 efflei?
708 3517 925 3645 iwiiiffiim
1014 3517 1114 3572 ¹³⁰⁰¹⁵⁰⁸
1133 3517 1216 3574 aa.
