2694 3952
557 175 587 228 L.
606 174 769 228 AFRANIV
771 173 788 230 S
1115 172 1182 238 257

614 361 730 419 XXVII

159 464 251 530 ,Hem
271 462 451 548 quidhoc?
480 461 576 547 perii,
594 461 761 546 pertimui:
781 461 860 546 quid
880 461 1013 526 tumulti
1032 433 1184 528 eraudii‘?

237 583 345 639 Nonius
360 589 447 652 490,1
465 583 619 638 ‘tumulti
634 627 640 638 .
653 628 657 638 .
670 627 693 639 ..
709 582 842 636 Afranius
852 583 988 652 Vopisco:
1003 571 1080 638 hom’
1092 599 1115 638 e.
1124 601 1151 652 q.
1161 601 1184 638 s.

605 788 736 846 XXVIII
825 843 826 847 ,

167 889 295 966 Quanta
316 889 372 954 hic
393 889 624 954 uociferatione
648 890 764 954 fertur:
788 889 817 953 ei
840 889 976 954 miserae
998 889 1093 954 mihi!

239 1010 348 1065 Nonius
373 1016 437 1079 503,
462 1015 494 1064 21
526 1009 690 1064 ‘seruitur
722 1026 811 1078 aeque
842 1027 892 1078 pro
920 1009 1065 1065 seruetur’
1108 1014 1183 1082 (pro

165 1082 322 1136 seruetur
340 1082 390 1150 Ba,
411 1081 531 1136 Rothius
549 1099 611 1150 pro
630 1081 739 1136 foruit
756 1081 827 1134 HW
844 1098 904 1150 pro
923 1081 1075 1136 feruitur
1093 1081 1183 1154 Leid.)

167 1153 304 1222 Corrupto
323 1155 403 1207 textu
422 1170 488 1206 usus
508 1153 621 1206 videtur
639 1153 786 1222 glossator.

238 1261 346 1327 quanta
363 1258 410 1312 hic
428 1260 528 1328 scrc'psi
546 1258 647 1326 quanti
665 1279 686 1312 ω
705 1261 813 1327 quanta
829 1259 969 1314 Beatiaus
1035 1258 1136 1313 ferturz
1156 1259 1184 1313 ei

164 1333 265 1400 certost
286 1329 406 1384 feruitur
429 1329 455 1383 ei
479 1331 602 1398 Nouius,
628 1333 675 1385 cui
697 1333 722 1384 sc'
744 1332 811 1398 fides
833 1332 954 1398 habetm,
979 1329 1006 1383 ei
1030 1331 1182 1386 deleadmu.

166 1401 265 1456 seruit:
285 1401 311 1456 ei
329 1403 461 1470 Boreas,
485 1409 510 1456 et
532 1403 639 1456 videtur
660 1403 726 1456 haee
745 1419 848 1471 quoque
867 1403 944 1456 lectio
962 1403 1080 1470 antiqua
1097 1403 1183 1470 fuisse

625 1605 723 1664 XXIX

165 1707 438 1772 Praefestinamus
462 1708 543 1790 quae
566 1707 609 1770 sit
632 1729 727 1770 causa
749 1707 897 1792 sciscere,
1184 1721 1239 1770 395

166 1813 262 1890 Quod
285 1813 328 1877 s1‘t
349 1835 516 1877 necessum
539 1811 633 1898 scire,
656 1813 845 1896 praesertim
868 1813 903 1877 1‘11
926 1813 1019 1878 breui

170 1946 171 1951 ’
239 1933 383 1989 Charisius
403 1953 430 2003 p.
446 1939 497 1988 186
516 1935 545 1988 Ρ.
572 1934 771 1989 ‘necessum
809 1935 846 1990 M.
867 1934 937 1990 Cato
1036 1951 1184 1990 necessum

167 2005 301 2060 Afranius
319 2005 350 2058 in
364 2005 498 2074 Vopisoo:
517 2004 764 2074 praefestinsmus’
781 2022 804 2061 e.
819 2025 845 2074 q.
862 2025 883 2062 ι,

240 2118 255 2166 2
278 2111 456 2184 praesertim]
483 2111 607 2180 proferte
630 2113 705 2182 Bae,
729 2120 793 2182 post
818 2113 936 2167 sciscere
962 2115 1077 2184 crucias
1099 2115 1186 2170 iater-

164 2201 293 2254 penaeas

636 2317 719 2374 XXX

167 2417 235 2482 Vbi
258 2417 337 2501 quid
359 2418 527 2502 repentino
550 2418 647 2482 huius
671 2417 836 2482 consimile
860 2418 985 2482 accidit.

242 2538 385 2594 Charisius
403 2558 430 2609 p.
443 2544 493 2594 193
512 2539 543 2594 P.
565 2537 761 2608 ‘repentino
784 2556 835 2607 pro
853 2542 969 2608 repente
1050 2539 1184 2592 Aframus

167 2611 200 2666 in
217 2611 403 2680 Emancipato
423 2611 471 2682 [X]
491 2609 567 2664 idem
584 2609 615 2663 in
632 2610 768 2679 Vopisco:
787 2609 903 2678 ubique'
920 2627 943 2666 e.
959 2628 985 2678 q.
1001 2629 1022 2665 s,

170 2730 174 2736 ·
241 2717 291 2784 ubi
314 2717 383 2785 quid
407 2718 456 2786 (sic
479 2719 562 2772 ettam
585 2715 717 2785 Koehius)
740 2718 781 2771 vel
804 2716 850 2770 oui
872 2719 975 2773 coateri
997 2715 1102 2784 ubique
1125 2717 1186 2772 cod.

169 2788 280 2857 tibique
299 2790 361 2843 Bae
433 2805 497 2842 cum
516 2786 607 2841 simile
626 2789 666 2842 cd.
681 2805 726 2856 pr.

627 2973 726 3032 XXXI

168 3127 177 3140 .
202 3075 235 3138 id
258 3078 305 3138 est
328 3075 416 3139 intus
439 3076 561 3139 actum:
584 3075 682 3160 periit
706 3075 802 3160 opera
825 3075 1000 3138 nimirum
1023 3095 1113 3138 meae

169 3180 232 3245 'Ex
255 3181 361 3246 animo
385 3182 558 3246 fidelitatis.

241 3302 350 3356 Nonius
369 3308 458 3370 110‚1
481 3302 723 3370 ‘fidelitatem
747 3301 777 3355 id
801 3304 844 3356 est
866 3303 951 3356 fidem
1050 3301 1185 3355 Afranius

170 3373 305 3444 Vopiscoz
325 3373 371 3426 id'
388 3390 410 3427 e.
426 3391 452 3442 q.
468 3391 488 3428 s.

244 3486 257 3534 1
279 3481 371 3536 Potest
387 3482 430 3536 cel
448 3483 482 3536 ab
500 3482 582 3536 initio
601 3480 625 3534 si
643 3483 766 3551 suppleri
783 3482 825 3535 cel
842 3479 908 3534 idne
926 3481 1021 3548 scribi,
1041 3477 1099 3535 ursi
1115 3481 1186 3548 forte

172 3559 223 3607 aut
248 3551 358 3620 pridem
386 3554 429 3606 est
455 3551 532 3606 intus
556 3555 651 3607 sctum
673 3560 724 3607 aut
751 3551 776 3604 si
803 3551 852 3606 ille
876 3555 919 3608 est
943 3552 1033 3621 intus,
1061 3555 1187 3607 actumst

225 3651 306 3692 Scaon.
319 3663 380 3702 poor.
395 3653 460 3694 Rom.
475 3651 557 3703 fragm.
572 3653 606 3694 ed.
620 3653 737 3694 Rmsrrcx.
751 3653 782 3693 Π.
990 3647 1022 3696 17
