2670 3948
182 235 224 299 68
512 221 698 289 CAECILIVS
718 233 869 289 STATIVS

676 403 705 459 V

129 485 333 552 140¹uelitari

252 588 361 643 Nonius
381 594 410 656 3,
430 593 464 642 13
485 588 666 644 ‘uelitatio
686 589 791 643 dicitnr
810 588 881 643 leuis
901 589 1045 644 contentio
1066 633 1071 643 .
1089 632 1094 643 .
1111 632 1116 647 ,
1136 605 1199 642 uer-

181 660 226 714 bis
250 659 447 714 uelitationem
467 704 472 714 .
489 705 494 714 .
512 705 516 714 .
536 659 649 714 uelitati
677 659 745 714 estis
774 659 849 714 inter
876 677 927 714 uos
956 661 1012 714 duo
1033 660 1199 714 ...uerbis

182 731 302 786 uelitare
323 730 480 787 ...labris
503 731 578 785 inter
601 747 631 785 se
653 730 768 785 uelitari
789 774 794 785 .
812 775 817 786 .
838 730 977 785 Caecilius
996 730 1201 787 Pausimachor

181 803 229 856 hic
252 803 354 857 desunt
376 805 498 872 quatuor
520 801 612 856 lineae
630 818 703 870 quae
722 801 753 854 in
772 801 918 856 autentico
936 819 994 856 non
1012 804 1094 856 erant
1113 802 1199 871 scrip·

181 875 249 928 tae!
270 873 326 945 (Sic
344 873 375 926 in
392 872 539 927 Victorino
558 873 619 927 cod.
639 875 668 926 et
687 872 717 926 in
735 873 780 941 W,
800 873 871 926 item
889 873 992 928 lacuna
1010 873 1041 926 in
1054 873 1093 940 H;
1112 873 1199 926 ceteri

183 945 362 1000 continuant:
392 943 594 998 ‘Pausimacho
622 961 699 996 mum
727 943 852 998 interent
875 946 978 999 tamen.
1016 945 1096 1014 Toga
1121 944 1199 998 dicta

183 1017 240 1071 est’
260 1035 288 1086 p.
303 1023 364 1086 loc,
385 1019 429 1085 17)

568 1147 809 1206 PHILVMIINA

679 1255 696 1312 I

183 1355 245 1433 Qui
267 1356 360 1440 panis
383 1355 479 1419 solidi
501 1354 668 1419 coibulam
692 1407 698 1418 .
723 1407 729 1420 .
755 1407 762 1419 .
786 1407 792 1420 .

253 1475 361 1530 Nonius
377 1481 436 1544 197,
447 1481 481 1530 29
503 1476 651 1545 ‘corbes,
672 1476 801 1530 corbulas
818 1520 859 1533 ...
876 1475 1015 1531 Caecilius
1034 1476 1198 1534 Filumena:

182 1546 246 1616 qui’
267 1563 289 1602 e.
309 1565 336 1615 q.
356 1565 377 1601 s.
395 1547 539 1617 (caelius
558 1547 595 1600 W
613 1547 723 1602 celius
743 1551 777 1617 φ)

229 1726 234 1737 Ι
254 1653 350 1779 εὲᾒάἱ,
378 1656 397 1709 r'.
416 1672 437 1710 e.
457 1653 520 1708 duri
537 1656 637 1724 scripsi
655 1653 718 1708 soli
733 1675 768 1722 co,
793 1671 871 1724 pocae
893 1655 1046 1726 peacticwm
1068 1672 1122 1711 esse
1140 1673 1195 1712 mc-

182 1733 246 1780 nuct
293 1743 327 1780 uc

132 1905 304 1972 141¹factio
674 1823 705 1880 Π

253 2007 362 2061 Nonius
373 2013 434 2076 304,
445 2013 480 2061 28
497 2007 621 2062 ‘factio
639 2008 742 2062 iterum
757 2007 902 2078 significat
916 2007 1101 2079 opulentiam,
1112 2011 1199 2064 abun-

183 2078 311 2132 dantiam
329 2081 358 2132 et
376 2078 556 2134 nobilitatem
576 2123 581 2133 .
598 2123 625 2134 ..
646 2078 784 2134 Caecilius
803 2078 971 2134 Filiumin
992 2080 1066 2135 alta
1085 2097 1200 2135 eorum

183 2150 305 2204 famam
325 2150 528 2204 occultabat
546 2149 675 2205 factio)
697 2149 826 2220 (filium
845 2149 1199 2222 ainaltaW¹)cf.v.172.

255 2257 390 2310 Hrculem
407 2258 547 2311 scamium
564 2256 722 2310 facinorum
739 2256 845 2310 famam
860 2273 885 2311 o.
895 2256 915 2312 f.
930 2257 1081 2314 Modoc'cua
1095 2261 1200 2328 panxit

183 2326 226 2381 ita
244 2329 293 2397 (cic
314 2327 478 2397 Grauortae)
497 2343 593 2382 eorum
610 2327 758 2382 infamiam
777 2345 802 2382 o.
819 2328 838 2382 f.
858 2347 878 2382 co

602 2494 780 2554 PLOCIVM

255 2608 380 2666 Πλόκιον
397 2611 553 2668 Menandri.
589 2611 752 2666 Luculentis
771 2611 856 2666 Gellii
875 2613 910 2666 de
929 2615 1095 2683 argomento
1119 2612 1199 2667 testi-

185 2682 286 2737 moniis
300 2699 357 2737 non
370 2681 450 2736 nulla
464 2698 498 2736 ex
511 2682 621 2751 reliqua
630 2682 832 2738 versiculorum
844 2683 986 2754 farragine
1000 2683 1107 2737 indicia
1121 2701 1199 2738 acce·

186 2755 264 2808 dunt.
271 2755 312 2808 Ac
319 2753 440 2823 primum
447 2753 484 2806 ad
491 2753 637 2822 utriusque
647 2754 721 2808 senis
730 2754 892 2809 deverbium
899 2754 979 2824 illud,
990 2755 1064 2808 unde
1074 2757 1118 2808 est
1127 2755 1159 2809 fr.
1165 2756 1200 2823 11,

185 2824 309 2895 pertinet
318 2825 378 2879 sine
388 2823 474 2878 dubio
484 2824 618 2879 festivum
627 2825 744 2880 alterius
758 2827 793 2880 dc
807 2829 918 2880 mortua
932 2841 1018 2879 uxore
1033 2825 1198 2880 diotumIlI.

186 2899 279 2966 Atque
293 2899 325 2950 ut
338 2893 481 2966 τρυγόνος·
490 2894 637 2966 λαλιστέρα
656 2898 732 2966 apud
745 2897 931 2951 Menandrum
944 2896 1009 2950 XIII
1023 2896 1060 2950 M.
1075 2898 1137 2965 (416
1155 2896 1199 2966 Κ.)

186 2968 334 3022 dicebatur
352 2967 479 3036 Crobyle,
498 2966 540 3021 ita
558 2967 645 3022 facies
660 2969 785 3022 eiusdem
799 2971 865 3038 apte
880 2967 920 3022 eis
935 2966 1111 3035 describitur,
1127 2983 1199 3036 quae

186 3038 247 3093 sinc
261 3038 376 3092 fabulae
389 3037 503 3092 nomine
517 3040 617 3093 extant
630 3040 707 3108 apud
721 3039 844 3093 Nonium
859 3045 963 3108 119,19
978 3037 1042 3110 (inc.
1057 3037 1115 3092 fab.
1129 3037 1198 3108 XX).

186 3110 271 3164 Porro
296 3109 418 3164 hominis
441 3109 586 3180 pauperis,
610 3110 664 3164 hoc
687 3113 731 3165 est
754 3110 878 3164 eiusdem
901 3109 975 3164 senis
993 3108 1080 3163 vicini
1103 3124 1200 3163 servus

185 3181 323 3236 Parmeno
347 3181 391 3250 (cf.
411 3181 484 3236 Men.
504 3181 569 3235 Vlll
587 3208 621 3228 =
641 3187 693 3236 407
713 3181 757 3251 K.)
776 3180 852 3236 erilis
871 3181 947 3235 filiae
965 3179 1073 3251 gemItu
1092 3179 1199 3250 audibo,

186 3267 250 3304 cum
268 3254 360 3306 totam
377 3268 437 3306 rem
455 3252 548 3306 adhuc
566 3251 748 3322 ignoraverit,
762 3252 853 3321 primo
867 3251 1035 3306 coniecturis
1049 3251 1200 3322 indulgens

149 3353 152 3364 ·
187 3321 218 3374 in
236 3321 361 3376 vicinum
385 3322 606 3391 adulescentem,
630 3340 714 3392 quem
736 3323 849 3393 puellae
868 3323 1020 3377 admodum
1038 3339 1099 3378 esse
1118 3322 1200 3377 fami-

187 3391 287 3446 liarem
306 3393 372 3463 scit,
396 3394 505 3448 confert
523 3393 718 3464 suspicionem,
755 3394 843 3462 Atqui
861 3411 918 3449 non
937 3393 1069 3449 convenit
1087 3411 1201 3464 compu-

187 3462 264 3517 tanti
281 3465 415 3533 temporis
433 3465 507 3520 ratio
526 3467 575 3535 (IV
594 3467 623 3520 et
640 3465 770 3520 Menand.
790 3465 830 3518 lll
848 3492 882 3512 =
900 3471 953 3519 413
971 3465 1029 3535 K.):
1048 3482 1115 3519 nam
1134 3468 1200 3519 ante

187 3533 265 3603 ipsos
290 3534 386 3589 decem
408 3552 518 3591 menses
542 3538 654 3592 demum
679 3553 742 3592 erus
764 3553 828 3590 rure
851 3536 882 3589 in
904 3536 1003 3590 urbem
1029 3535 1201 3606 migraverat

189 3604 233 3676 (of.
252 3605 382 3662 Menand.
397 3607 423 3660 V
436 3608 475 3662 VI
489 3609 541 3662 Vll
560 3637 593 3655 =
612 3614 663 3664 405
683 3627 723 3678 sq.
743 3614 795 3662 408
814 3607 867 3678 K),
887 3623 938 3661 nec
957 3609 1022 3662 ante
1041 3606 1072 3660 id
1089 3610 1200 3678 tempus
