2694 3952
554 227 584 282 L.
602 227 786 283 AFRANIVS
1112 227 1180 292 263

235 389 335 444 Festus
353 407 379 458 p.
395 393 446 443 301
464 389 501 442 M.
523 387 684 442 ‘solatum
702 403 791 458 genus
809 387 901 442 morbi
918 387 1039 442 maxime
1059 404 1076 441 a
1093 387 1181 442 rusti-

161 459 295 514 cantibus
319 459 435 528 dieitur,
462 458 540 514 cuius
562 459 692 514 meminit
715 459 802 513 etiam
825 458 925 512 Afrani
949 501 1180 515 ...........

162 534 309 599 arquato
327 530 402 586 med
422 573 650 587 ............
669 529 802 600 tigine.’

235 637 383 692 Lacinium
411 644 545 708 quantam
571 638 633 705 steri
657 638 752 707 potuit
778 637 985 704 consummavi,-
1016 639 1042 692 si
1067 637 1181 706 fabulae

160 725 261 763 aomea
283 710 359 778 apud
378 707 490 764 aaran
512 709 613 778 defait,
636 725 729 763 uersus
750 709 865 778 fortusse
887 709 927 763 sic
948 710 1061 778 saepit:
1086 708 1179 763 solato

160 783 192 832 et
215 782 333 848 arquata
357 780 485 834 medetur
582 778 725 850 uertigini.
768 781 887 848 arquato
911 779 1051 846 medetur,
1077 779 1179 848 solato,

161 849 277 977 {13}th
278 853 351 975 I{arsut
373 851 500 919 medeor,
526 867 561 921 s,
586 849 721 921 cruciato)
750 849 890 920 uertigine
913 852 982 906 Bae.
1026 851 1067 920 Of.
1087 851 1180 907 coroll.

229 1118 344 1184 Festus
371 1143 401 1204 p.
421 1120 488 1184 314
514 1120 557 1184 M.
586 1017 739 1206 ‘millies
769 1119 865 1184 fustis
893 1120 1011 1204 terrae]
1043 1120 1181 1184 defixus:

160 1224 256 1290 Afra
279 1277 528 1292 ..........
553 1225 697 1312 [p]orr0
720 1225 881 1291 honeste
905 1277 1181 1292 ...........

160 1332 214 1396 ite
244 1332 415 1396 hostium
444 1384 691 1398 ..........
716 1355 781 1398 oro
812 1333 945 1418 fidem,
976 1333 1040 1417 qui
1065 1384 1179 1397 .....

161 1490 277 1504 .....
307 1461 384 1503 eam
412 1439 552 1504 siluam
581 1440 629 1504 et'
653 1461 678 1504 e.
698 1462 727 1524 q.
747 1462 771 1504 s,
816 1437 916 1504 Plane
944 1439 1102 1504 incertum
1131 1442 1180 1503 est

161 1549 321 1628 quantum
340 1568 379 1610 ex
397 1545 464 1610 hac-
475 1545 574 1610 ruina
587 1546 751 1630 pertineat
766 1546 807 1611 ad
824 1544 1005 1616 Afranium.
1042 1545 1181 1629 stipite

160 1651 304 1716 ostium
328 1651 486 1737 impulit
509 1651 662 1740 Scaliger.

569 1842 571 1848 '
641 1836 696 1894 XX

162 1918 288 1983 Rutilia

229 2031 330 2086 Festus
348 2051 375 2102 p.
392 2039 443 2087 262
462 2032 500 2087 M.
524 2031 711 2086 ‘Rutilium
733 2030 826 2084 rufum
849 2029 1003 2100 significat,
1028 2029 1107 2084 cuius
1132 2047 1179 2086 co·

157 2101 228 2157 loris
243 2103 387 2184 studiosae
402 2103 490 2184 etiam
504 2102 639 2184 antiquae
657 2100 789 2184 mulieres
803 2101 925 2171 fuerunt,
944 2102 1019 2155 unde
1032 2105 1181 2184 traxerunt

157 2174 525 2300 iffillllliii’
544 2171 1179 2313 tllallifflaf‘iiuiiiimiiiliil?'suffusi

158 2314 237 2368 enim
259 2314 352 2386 rutili,
380 2318 410 2370 et
436 2315 503 2369 inde
525 2315 656 2370 mulieres
679 2314 764 2369 ualde
790 2315 869 2369 rufae
892 2313 1032 2370 Rutilae
1061 2314 1177 2370 dictae’

158 2386 195 2439 de
214 2401 311 2454 praen.
328 2392 342 2440 7
363 2385 556 2454 ‘antiquarum
568 2385 718 2440 mulierum
738 2429 743 2440 .
760 2430 765 2441 .
785 2385 969 2456 praenomina
982 2385 1097 2440 fuerunt
1110 2387 1181 2440 aa·

156 2455 251 2510 tilia’
273 2456 324 2526 (sic
342 2457 434 2512 Vatic.
459 2453 584 2511 rutilla
602 2457 753 2511 Torrenius
775 2457 886 2511 rutila
909 2456 1006 2527 ceteri)
1026 2457 1180 2512 ‘ansellia

236 2544 253 2580 a
277 2527 370 2582 colore
394 2529 500 2582 ducta’
537 2527 676 2582 Rutilia
703 2544 805 2582 nomen
828 2531 908 2583 extat
931 2545 954 2582 e.
978 2545 1000 2582 c.
1025 2528 1055 2581 in
1078 2527 1177 2582 CILI

156 2617 186 2652 n.
203 2605 267 2668 144,
293 2598 414 2652 Rutila
435 2598 467 2652 in
490 2598 560 2653 GIN
583 2604 695 2655 115891

630 2766 701 2826 XXI

157 2853 307 2934 comptus

230 2971 313 3025 Pauli
331 2971 431 3026 Festus
449 2991 476 3042 p.
491 2977 526 3026 40
545 2972 583 3028 M.
605 2972 787 3040 ‘comptum
806 2970 941 3025 Asnanius
959 2987 1009 3040 pro
1029 2975 1132 3026 ornatu
1151 2975 1182 3028 et

160 3041 275 3096 exculta
292 3042 408 3112 posuit!

622 3157 709 3215 XXII

674 3279 753 3324 num
777 3258 851 3343 quis
873 3281 925 3323 me
949 3258 1111 3344 quaesiit?
1139 3298 1181 3306 —

112 3431 114 3438 Ι
158 3346 251 3412 Bana
274 3347 413 3412 fortuna.

233 3458 384 3528 Pompeius
403 3457 433 3512 in
451 3458 558 3514 CGLV
575 3477 602 3529 p.
618 3466 668 3514 311
684 3460 717 3516 K.
734 3459 960 3516 ‘charientismos
1040 3461 1181 3517 habemus

149 3529 253 3584 etiam
277 3531 353 3600 apud
377 3533 505 3584 auctores
528 3531 595 3587 hoc:
618 3548 682 3586 ecce
700 3531 837 3586 habemus
860 3531 890 3586 in
908 3531 1034 3588 Afranio.
1071 3531 1182 3588 inter-

151 3603 267 3670 rogat
299 3616 432 3656 seruum
464 3602 683 3658 adulescens:
714 3601 872 3671 numquis
902 3620 951 3658 me
983 3604 1180 3672 quaesiuit?
