2670 3948
190 197 231 262 12
581 197 637 252 CN.
656 197 816 253 NAEVIVS

187 359 235 412 Ex
262 358 407 414 Graeca:
441 359 499 413 sed
527 375 584 413 eas
612 358 654 413 ab
682 358 764 413 aliis
792 358 906 412 factas
933 357 1028 427 prius
1055 357 1199 413 Latinas

189 429 296 484 scisse
316 446 403 499 sese,
422 429 457 486 id
475 446 556 484 uero
574 431 763 500 pernegat!
796 429 839 484 De
857 428 960 497 quibus
974 428 1065 483 instar
1079 429 1204 484 omnium

187 500 337 555 ltitschelii
355 501 386 554 in
404 501 517 572 Parerg.
531 501 545 554 I
559 509 593 556 99
604 519 664 570 sqq.
684 500 841 570 disputatio
861 503 912 554 est.
946 500 1122 568 Loquentem
1139 517 1204 555 cum

187 571 279 626 milite
301 571 459 642 parasitum
481 572 619 627 habemus
638 571 671 627 fr.
686 573 712 628 l:
735 589 803 646 nam
821 570 874 644 ille
892 571 1043 626 Herculem
1060 571 1205 627 Victorem

188 659 217 696 se
244 642 338 712 ipsum
366 660 426 698 esse
454 643 592 714 gloriatus
621 643 753 697 decumas
781 643 920 697 bonorum
949 641 1004 696 sibi
1032 659 1050 696 a
1076 643 1204 712 parasito

188 730 299 782 quoqne
317 713 499 796 flagitaverat
517 713 623 795 offerri²
647 713 694 768 cui
711 713 759 768 hic
777 713 953 768 iocabundus
974 714 1138 785 respondet,
1161 715 1204 770 rei

187 784 297 839 alienae
317 786 432 854 quidem
449 786 581 840 decumas
596 801 623 840 e1
638 801 668 839 se
681 785 741 840 iam
753 784 909 855 polluxisse
942 784 1037 839 ublioe
1050 784 1204 841 indicanda

187 855 297 911 scilieet
316 856 376 911 eius
394 857 509 912 nomine
528 873 598 912 cena
616 856 784 912 Herculana.
813 857 909 926 Depo
933 855 1036 911 ucendi
1053 873 1130 912 more
1147 856 1204 910 dis-

187 931 334 982 seruerunt
351 928 499 983 Henzenus
518 945 588 983 mus.
608 927 844 996 Rhemvtlsqq.
864 931 894 982 et
911 927 1101 982 Mommsenus
1120 927 1204 983 CILI
1226 945 1228 950 ’

186 1016 213 1067 p.
230 1005 281 1053 149
292 1017 332 1068 sq.
354 1003 383 1054 et
401 1001 439 1054 ad
456 1017 483 1053 11.
500 1004 578 1054 1175.

685 1095 701 1154 I
981 1111 983 1116 .

187 1195 249 1274 Qui
274 1197 422 1262 decumas
444 1197 573 1280 partes?
597 1197 755 1280 quantum
778 1197 867 1282 (mi)
890 1197 991 1262 alieni
1010 1197 1087 1282 filit,

184 1302 316 1368 Polldxi
338 1302 400 1367 tibi
423 1302 487 1366 iam
510 1302 707 1387 publicando
731 1304 825 1389 epulo
849 1303 1000 1368 Herculis

185 1409 353 1474 Decumas.

256 1528 418 1584 Priscianus
437 1548 464 1599 p.
475 1534 528 1584 874
537 1530 567 1585 P.
590 1529 731 1600 ‘polluceo
750 1530 886 1599 polluxi
902 1531 1084 1588 ..Naeuius
1103 1531 1133 1585 in
1152 1531 1204 1586 Co-

185 1600 268 1656 laoer
280 1600 360 1668 quid’
381 1618 404 1656 e.
420 1619 447 1669 q.
464 1619 484 1656 s.

258 1711 273 1760 1
293 1705 342 1774 qui
366 1709 395 1777 (l.
414 1725 436 1762 e.
462 1707 614 1778 quomodo)
632 1720 656 1776 ψ
684 1707 754 1778 quid
776 1708 878 1776 Barla,
908 1709 1089 1766 Herasaaaaa
1111 1727 1203 1780 opusc.

185 1777 279 1831 11280
332 1777 372 1831 mi
390 1779 583 1848 Romaanus,
604 1797 654 1834 om.
675 1800 696 1832 ω
752 1778 878 1834 alienum
896 1781 986 1852 Boap.
1060 1781 1203 1851 apolluxi
1280 1824 1284 1832 .

187 1848 368 1904 Hemaaaas
385 1848 508 1918 polluxit
527 1849 658 1920 (poluxit)
676 1871 698 1904 ω
743 1849 802 1904 iam
821 1851 1000 1907 Hernaarmas
1018 1869 1036 1907 a
1055 1874 1076 1907 ω
1118 1853 1202 1922 epulo
1315 1883 1316 1904 t

245 1919 378 1975 decumas
396 1937 446 1975 om.
462 1919 546 1993 Scap.
596 1920 704 1976 herculi
718 1921 816 1976 Bamb.
869 1923 956 1978 Varia
968 1925 1077 1992 frastra
1090 1925 1203 1984 molitur

186 1992 322 2062 Bcrplciaa
340 2008 431 2061 opusc.
446 1992 459 2045 I
473 1997 534 2046 537.
573 1992 615 2061 Of.
635 1993 726 2048 coroll.
741 1993 827 2063 XIap.
1062 2007 1073 2020 '¹

320 2195 323 2201 ,
680 2144 711 2202 Π

131 2241 166 2290 30
773 2229 813 2290 et*
827 2227 904 2292 uolo

185 2329 231 2394 Et
253 2330 368 2394 uereor
390 2334 423 2395 et
446 2331 550 2396 facere
573 2331 609 2396 in
630 2332 783 2417 prolubio
806 2336 857 2397 est
879 2385 886 2398 .
906 2386 939 2399 ..

256 2449 366 2504 Nonius
381 2455 424 2519 64,
440 2456 473 2505 10
494 2453 707 2521 ‘proluuium
721 2498 726 2508 .
739 2497 744 2508 .
757 2498 762 2508 .
775 2499 780 2509 .
795 2453 926 2509 Neuius
943 2454 1056 2512 Colace:
1076 2459 1105 2510 et
1122 2456 1201 2510 uolo’
1313 2443 1314 2486 2

186 2537 209 2576 e.
224 2539 251 2590 q.
267 2538 288 2576 s.
317 2519 489 2591 Comparari
506 2522 705 2594 Aristophanis
718 2530 873 2582 ran.1425:
891 2531 983 2582 ποθεῖ
993 2526 1053 2596 μέν,
1073 2524 1202 2598 ἐχθαίρει

185 2589 376 2718 dd’sddiddtnudn
393 2591 422 2648 δ’
440 2593 521 2664 ἔχειν.
551 2595 623 2650 Sane
641 2595 743 2651 incerti
763 2595 850 2650 animi
864 2596 1011 2652 fluctuatio
1025 2598 1072 2652 hic
1088 2615 1201 2666 quoque

258 2775 274 2825 2
293 2769 424 2840 prolubio
443 2773 503 2828 edd.
526 2772 657 2841 proluuio
676 2795 697 2828 ω

670 2907 717 2966 ΙΠ

773 2993 806 3054 et
829 2991 929 3055 asseri

185 3093 310 3158 Laudes
333 3115 408 3180 ago,
432 3115 505 3158 cum
528 3095 615 3160 uotis
637 3117 689 3160 me
712 3096 831 3160 multat
852 3096 946 3180 meis,

186 3198 279 3278 Quod
301 3202 429 3284 praeter
451 3222 548 3285 quam
571 3201 652 3266 milri
674 3202 792 3266 uellem
816 3202 967 3268 audibam
986 3203 1049 3270 hoc
1067 3205 1202 3271 eminus.
1310 3269 1311 3304 3

256 3319 365 3374 Nonius
380 3327 446 3392 462,
461 3327 495 3375 32
521 3322 684 3376 ‘multare
708 3340 771 3376 cum
795 3323 833 3377 sit
853 3324 1053 3396 condemnare,
1077 3325 1203 3396 positum

185 3394 230 3446 est
249 3407 364 3461 augere,
384 3391 445 3446 uoti
464 3395 622 3462 compotem
639 3395 776 3448 reddere.’

205 3501 209 3512 ‘
257 3499 825 3570 1-3rcatc'taitHarmaaaasopaac.H279
851 3501 1054 3558 ladsen'BaL
1074 3504 1203 3560 amultat
1247 3537 1249 3542 ·

185 3570 367 3626 Hermonassa
388 3568 518 3624 multatis
537 3591 558 3624 a
613 3577 734 3639 tiquam
757 3571 861 3626 uellem
884 3572 1037 3628 audiebam
1058 3575 1113 3630 hoc
1130 3575 1202 3630 mihi
1309 3571 1310 3578 ’
