2674 3950
186 211 251 275 346
514 209 653 265 Decurv
654 209 672 264 S
691 207 871 265 LABERIVS

258 369 465 440 adespoliauit
488 371 607 426 Bottiue
673 371 787 425 molitas
810 372 858 426 Βα
920 371 1080 426 ebalineis
1102 373 1210 442 scripsi

185 441 257 496 lenis
276 463 297 496 ω
316 441 400 496 lineis
418 444 459 498 vel
476 442 567 496 lineas
586 443 698 498 Nouius
716 442 808 514 effuse
826 444 942 498 udatur.
1003 442 1110 497 labella
1128 443 1206 497 lenis

1322 3103 1323 3172 l

185 531 220 569 ee
237 513 357 582 Afranii
375 516 432 570 loco
449 515 503 570 hue
521 516 659 570 meruleta
676 531 731 570 esse
748 515 879 582 adflrrnat
896 531 917 570 ω

185 876 356 938 manuatus
379 875 427 937 est
677 787 709 848 Π

258 1011 366 1066 Gellius
384 1011 449 1066 XVI
473 1017 496 1080 7,
518 1016 532 1064 1
559 1010 708 1065 ‘Laberius
734 1011 764 1064 in
789 1011 895 1082 mimis,
924 1029 994 1080 quos
1018 1011 1201 1082 seriptitauit‚

186 1083 290 1153 oppido
309 1101 395 1152 quam
411 1082 499 1136 uerba
517 1081 600 1136 finxit
616 1081 810 1151 praelicenter.
842 1083 917 1137 Nam
931 1086 961 1137 et
977 1083 1201 1138 mendieimo·

185 1155 279 1209 nium
297 1154 370 1208 dixit
388 1157 418 1208 et
437 1152 722 1207 moechimonium
741 1157 769 1208 et
788 1153 1040 1208 adulterionem
1063 1155 1202 1209 adulte·

185 1226 397 1294 ritatemque
415 1241 465 1295 pro
486 1223 625 1278 adulterio
645 1227 673 1278 et
692 1223 920 1295 depudienuit
941 1243 991 1295 pro
1012 1225 1154 1295 stuprauit
1172 1229 1203 1280 et

186 1297 364 1351 abluuium
385 1314 436 1366 pro
456 1295 564 1351 diluuio
584 1298 613 1350 et
631 1297 707 1364 quod
724 1296 755 1350 in
773 1297 859 1350 mimo
879 1297 973 1366 ponit,
997 1313 1081 1365 quem
1098 1297 1202 1366 (lophi-

185 1386 254 1422 num
277 1367 402 1436 scrisit,
429 1369 611 1422 manuatus
635 1370 688 1421 est
709 1385 773 1437 pro:
801 1367 911 1422 furatus
936 1370 986 1422 est.
1026 1370 1056 1422 et
1078 1367 1147 1423 item
1170 1368 1202 1422 in

185 1439 303 1494 Fullone
323 1387 359 1512 [ἣ
378 1438 524 1507 multaque
544 1437 601 1492 alia
620 1435 814 1492 huiuscemodi
831 1440 939 1495 nouat?
977 1439 1077 1507 Itaque
1096 1456 1151 1508 quo
1170 1439 1203 1494 in

185 1511 271 1565 mimo
281 1509 584 1564 mendieimonium
598 1511 627 1563 et
640 1509 924 1564 moechimonium
937 1513 967 1565 et
981 1509 1156 1571 adulteri-0
1172 1513 1203 1564 et

187 1581 398 1636 adulteritas
422 1583 451 1635 et
474 1580 702 1650 depudieauit
725 1584 754 1636 et
777 1581 956 1636 ablauium
977 1581 1071 1636 loeum
1092 1581 1199 1636 habue-

185 1653 255 1721 rint,
280 1669 295 1706 e
314 1652 406 1707 Gellio
425 1651 540 1720 quidem
561 1668 619 1705 non
642 1652 741 1707 elucet.
778 1652 887 1706 Nonius
908 1655 1003 1707 autem
1021 1669 1093 1721 quae
1112 1653 1203 1707 tradit

185 1744 212 1794 p.
227 1730 287 1792 140,
302 1730 348 1780 31:
371 1722 683 1777 ‘mendieimonium
702 1726 730 1777 et
748 1723 1020 1778 moeeimonium'
1041 1724 1201 1794 (moechi-

185 1794 334 1850 monium
352 1794 499 1864 Bentinus)
520 1793 670 1848 ‘Laberius
692 1793 724 1847 in
746 1795 819 1849 libro
838 1812 922 1863 quem
940 1794 1108 1864 Oropium’
1129 1795 1201 1865 (Oo-

185 1865 326 1936 phinum
344 1866 495 1935 Mereerus)
516 1864 677 1946 ‘inscripsit
710 1865 791 1920 ineo
810 1866 899 1920 uerba
917 1866 987 1920 haee
1006 1865 1134 1920 inueniet
1151 1866 1203 1935 qui

187 1937 332 1991 doetrinae
351 1935 475 1990 studium
493 1938 639 2006 putauerit
657 1933 857 1992 adhibendum.
895 1935 925 1990 in
944 1954 977 1991 eo
995 1935 1069 1991 libro
1089 1951 1201 2006 quoque

186 2009 351 2062 maustus'
374 2011 564 2078 (manuetus
583 2007 744 2076 Bentinus)‚
765 2008 852 2076 ‘quod
871 2011 913 2062 est
931 2008 1053 2078 furatus,
1072 2007 1201 2063 inuenire

187 2081 249 2134 est’
285 2080 411 2148 Itemque
429 2097 457 2148 p.
469 2084 542 2160 ⁷⁰1³
563 2077 829 2132 ‘adulterionem
846 2096 897 2148 pro
916 2079 1045 2134 adultero
1064 2079 1201 2134 Laberius

187 2151 384 2220 quoprin02'
409 2153 561 2220 (eoprrno
584 2147 670 2202 BaH¹
693 2167 757 2217 quo
781 2147 889 2219 primo
908 2149 959 2204 W1
982 2148 1145 2221 quiprino
1166 2151 1203 2204 Pl

187 2221 334 2291 Caprino
357 2221 497 2275 Mereerus
526 2219 678 2289 Cophino
701 2220 812 2290 Junius)
841 2222 936 2289 ‘quern
964 2221 989 2274 si
1015 2222 1079 2290 quis
1105 2221 1222 2292 legere.

186 2292 321 2364 uoluerit,
344 2291 387 2346 ibi
404 2291 532 2346 inueniet
550 2293 580 2344 et
597 2291 681 2345 fidem
699 2295 825 2346 nostram
844 2307 894 2346 sua
914 2292 1065 2362 diligentia
1083 2293 1203 2347 adiuua-

186 2364 244 2418 bit’
266 2381 300 2418 ex
322 2364 401 2418 nullo
425 2363 482 2417 alio
505 2363 583 2417 fonte
606 2361 662 2416 nisi
685 2379 719 2416 ex
743 2363 842 2418 eodem
860 2363 951 2418 Gellio
970 2363 1067 2418 hausit
1085 2363 1203 2434 eiusque

187 2436 222 2489 de
249 2453 305 2490 uno
333 2433 472 2489 vocabulo
500 2433 693 2489 testimonium
718 2436 823 2488 temere
849 2434 886 2488 ad
910 2435 1021 2504 reliqua
1045 2435 1202 2492 transtulit.

187 2507 226 2561 uf.
246 2506 376 2561 Hertzius
396 2504 711 2576 annall.philoll.1862
730 2524 757 2576 p.
769 2511 828 2560 724.

584 2785 802 2848 ORETENSIS

132 2938 167 2986 40
757 2917 990 3001 farmaeopoles
1013 2917 1144 2982 sr‘mium

187 3026 344 3090 Deamare
368 3024 481 3108 eoepit.

260 3173 402 3228 Charisius
425 3191 452 3242 p.
468 3178 502 3226 84
526 3172 556 3226 P.
585 3170 731 3226 ‘simiam
757 3173 885 3226 auctores
909 3169 1040 3224 dixemnt
1062 3169 1150 3224 etiam
1173 3170 1205 3226 in

187 3244 357 3314 masculino,
380 3246 413 3297 ut
434 3243 568 3298 Afranius
668 3242 803 3296 Laberius
826 3241 975 3296 tamenin
999 3241 1124 3296 Cretensi
1148 3241 1204 3300 ait:

187 3315 402 3386 farmaeopoles'
418 3331 441 3370 e.
456 3333 483 3384 q.
499 3333 520 3370 s.

259 3457 275 3504 2
294 3449 425 3504 deamere
440 3449 588 3505 Pulsehius
606 3451 635 3503 te
654 3462 749 3502 amare
767 3450 823 3504 eod.
883 3447 988 3518 oeeipit
1001 3447 1149 3502 Puteeltiue

186 3519 447 3660 gmtsmrium
474 3521 606 3575 deaurare
632 3519 725 3590 eoepit
749 3519 981 3590 phamaeopoles
1005 3517 1118 3572 simiam
1139 3519 1204 3575 Rue
