2670 3948
481 218 669 274 CAECILIVS
688 219 838 275 STATIVS

607 387 710 446 XVIII

148 487 372 574 Opule‘nlilele
395 489 507 554 nestra
529 489 593 554 sibi
616 489 727 573 <esse>
750 489 903 554 iniuriam

149 595 283 660 Factam

222 715 333 771 Nouius
353 722 413 786 146,
433 722 467 770 11
488 715 722 786 ‘opulenlitae
744 734 796 786 pro
820 716 968 786 opulentia
987 760 1081 773 .....
1101 717 1169 772 Cae·

151 786 236 841 eilius
254 786 368 842 Polio:
388 787 587 858 opulentitate’
607 804 630 842 e.
651 806 677 856 q.
698 805 719 843 e.
757 787 891 858 (Plocio
911 789 953 844 ed.
975 791 1055 859 1526)

224 900 238 948 1
259 909 320 948 esse
338 894 438 950 addidi
456 909 519 948 eam
536 911 557 948 a
623 901 639 948 2
657 893 764 948 factam
783 895 925 950 Mereerae
943 893 1049 948 faciam
1066 916 1097 964 ω,
1116 911 1168 965 quo

149 972 258 1020 servato
276 967 341 1020 elim
359 981 395 1018 ne
409 971 473 1034 poet
491 963 547 1018 eibi
564 967 746 1035 impierum,
767 965 791 1019 ei
810 967 872 1021 Bae
886 968 1034 1036 proposuit
1101 983 1169 1035 opu-

155 1035 288 1091 lentilale
306 1035 440 1090 iniuriam
457 1034 564 1089 factam
582 1035 638 1090 eibi
655 1037 761 1091 Nostra
779 1038 898 1093 Bellias

625 1187 696 1246 XIX

150 1286 292 1352 Liberne
315 1287 371 1352 es?
394 1324 437 1334 —
460 1286 536 1353 Non
560 1291 645 1374 slim,
667 1310 782 1353 uerum
805 1287 887 1352 inibi
911 1293 960 1353 est
983 1339 990 1353 .
1015 1339 1021 1352 .
1046 1341 1052 1353 .
1077 1340 1084 1352 .
1108 1340 1114 1353 .
1135 1341 1141 1353 .
1162 1341 1168 1353 .

223 1407 332 1462 Nonius
353 1414 413 1478 124,
427 1414 467 1463 25
488 1407 593 1462 ‘inibi
610 1426 662 1478 pro
682 1409 722 1464 sie
741 1411 771 1463 et
788 1426 853 1464 mox
874 1410 935 1466 ...’

224 1532 281 1569 non
300 1533 361 1568 sum
379 1514 460 1585 liber,
478 1531 576 1570 verum
593 1515 694 1570 inibist
712 1515 795 1586 quasi
813 1535 834 1572 x

151 1732 286 1796 ealellae
633 1667 689 1725 XX

223 1834 332 1889 Nonius
352 1840 412 1903 199,
432 1841 465 1888 10
486 1835 617 1890 ‘catellae
645 1835 846 1890 diminutiuum
874 1839 918 1891 est
946 1839 1112 1891 catenarum
1140 1841 1169 1892 et

151 1905 286 1960 dicuntur
303 1922 405 1976 genere
423 1906 579 1962 feminine'

555 2056 765 2118 POLVMENI

224 2173 407 2244 Πωλούμενοι
424 2173 594 2230 Menandri?
630 2173 672 2227 Ex
690 2173 744 2229 ine,
763 2174 854 2228 XXIV
872 2174 993 2229 fortasse
1012 2175 1170 2244 comparari

151 2243 244 2314 possit
262 2261 326 2298 eum
344 2243 492 2298 Menandri
510 2245 523 2298 1
541 2244 599 2300 his:
627 2243 726 2314 τάλας,
753 2243 871 2315 ἕστηκας
890 2245 930 2300 ἔτι
948 2246 1019 2314 πρὸς
1037 2255 1098 2310 ταῖς
1116 2247 1170 2301 θύ-

151 2335 216 2383 ραις
236 2315 275 2369 Τὸ
294 2318 412 2385 φορτίον
435 2313 512 2383 θείῃ
540 2313 704 2385 σιτόκουρον
736 2316 853 2388 ἄθλιον,
875 2314 1024 2388 ’Ἆχρηστον
1051 2318 1091 2380 εἰς
1118 2318 1170 2387 τὴν

151 2386 247 2441 οἰκίαν
266 2386 427 2457 εἰλήφαμεν.

154 2511 201 2578 At
232 2515 289 2598 p6l
320 2536 381 2601 ego
412 2536 516 2599 neque
547 2515 661 2580 florem
693 2536 797 2599 neque
828 2515 943 2579 fleeces
975 2515 1050 2580 uelo
1080 2514 1170 2601 mihi,

739 2622 853 2684 uinum
876 2622 962 2686 uolo.
1170 2640 1221 2688 190

226 2725 335 2778 Nonius
361 2730 425 2794 114,
445 2729 478 2779 17
504 2724 642 2793 ‘floees‚
669 2724 733 2778 faex
756 2723 824 2778 uini.
863 2723 1016 2780 Caecilius:
1045 2725 1082 2778 ad
1104 2725 1168 2794 pol’

155 2813 180 2851 e.
200 2813 226 2864 q.
247 2814 269 2850 s.
307 2795 414 2849 Gellius
432 2795 471 2848 XI
491 2801 550 2864 7,6
579 2795 660 2849 ‘item
686 2795 816 2850 flocces
843 2795 973 2850 audieral
989 2795 1083 2864 prisea
1101 2813 1170 2850 uoce
1205 2799 1207 2804 “

154 2866 315 2948 significare
342 2865 404 2920 uini
431 2866 579 2948 faeeenpe
604 2866 731 2948 uiuaceis
759 2883 932 2948 expensam,
965 2866 1049 2921 sicuti
1080 2867 1170 2921 fraces

155 2938 240 2994 olen:
259 2939 344 3006 idque
364 2940 434 3007 aput
452 2937 606 2992 Caecilium
624 2956 655 2991 1n
671 2938 833 2992 Polumems
852 2938 979 3007 legerat)

227 3044 268 3112 Of.
288 3061 342 3100 cor.
361 3043 451 3098 xm
518 3047 550 3098 at
569 3045 717 3100 Frateriue
735 3045 772 3098 ad
790 3065 812 3098 ω
884 3043 968 3100 floees
987 3045 1077 3100 Nouii
1094 3066 1116 3100 ω

152 3131 245 3184 neque
263 3115 348 3170 floees
366 3131 458 3184 neque
476 3115 573 3170 florem
592 3117 686 3171 Vrbe'a.
701 3121 754 3169 307

495 3219 498 3223 ’
558 3228 761 3290 PORTITOR

224 3346 265 3401 cf.
284 3345 457 3402 Ritsehelius
475 3347 587 3418 Parerg.
607 3346 620 3400 I
639 3351 698 3400 158.

152 3513 166 3538 .-
184 3525 380 3538 .......
403 3495 460 3538 eur
484 3473 718 3558 depopulator?
740 3474 865 3560 gerrae!

224 3593 333 3650 Nonius
358 3600 422 3664 118,
446 3600 480 3649 33
510 3596 658 3665 ‘gerrae
683 3611 790 3666 nugae,
817 3593 942 3664 ineptiae
967 3639 972 3650 .
994 3639 1023 3650 ..
1050 3595 1168 3649 Plautus
