2694 3952
552 186 582 240 L.
602 184 786 240 AFRANIVS
1112 185 1177 248 207

645 355 689 412 XI

160 456 248 521 Deos
272 479 331 543 ego
356 456 461 522 omnis
483 459 521 520 rit
543 454 758 532 fortunassr'nt
780 477 902 540 precor.

231 578 341 637 Nonius
362 585 425 648 109,
446 584 479 635 17
504 578 700 632 ‘fortunare
729 579 772 631 est
798 591 963 646 prosperare
992 578 1021 630 ct
1049 574 1179 630 omnibus

160 647 243 710 bonis
263 666 366 721 augere
386 694 391 706 .
408 693 435 705 ..
455 649 590 726 Afranius
609 647 811 718 Emancipato:
832 647 910 704 deos’
932 664 996 715 eq.
1013 664 1033 701 s.
1064 649 1066 654 ’

232 756 346 812 fortuna
365 757 422 812 sint
445 759 484 813 W

640 836 699 894 XII

160 938 363 1024 Principium
386 939 448 1004 hoc
472 960 529 1003 oro
553 938 587 1002 in
610 938 718 1001 a'nimc
741 940 779 1000 ut
801 936 848 1000 sic
871 936 994 999 statuas
1017 938 1084 1019 tuo,

160 1045 257 1130 <Mo>
280 1045 397 1110 officiis
420 1045 494 1131 cogi
516 1048 554 1108 ut
577 1044 635 1108 abs
658 1048 690 1108 te
713 1064 840 1108 seorsus
864 1042 1002 1106 sentiam
1198 1064 1234 1112 85

159 1151 209 1216 Do
231 1153 346 1216 uxoria
368 1174 411 1217 re.

234 1273 376 1328 Charisius
394 1292 421 1343 p.
439 1276 490 1326 195
509 1272 539 1326 P.
561 1271 733 1325 ‘seorsus’

234 1386 247 1432 1
267 1378 406 1449 principio
427 1378 575 1434 Fraterc‘as
699 1379 732 1430 ut
750 1377 790 1430 sic
810 1379 920 1431 statuas
938 1379 988 1431 tuo
1008 1377 1128 1433 Bottius
1146 1379 1181 1432 ut

162 1450 251 1504 sistuo
271 1453 315 1505 sta
331 1493 336 1505 .
353 1493 358 1504 .
375 1468 409 1505 .s
429 1452 485 1505 cod.
503 1452 536 1503 ut
555 1448 595 1502 sic
613 1451 663 1502 tuo
683 1451 792 1502 statuas
811 1450 851 1503 ed.
867 1466 913 1518 pr.
968 1455 984 1503 2
1003 1465 1049 1503 me
1069 1450 1180 1505 addidit

160 1523 285 1593 Machlp,
304 1539 353 1577 om.
371 1523 427 1576 cod.
633 1599 708 1658 XHI

161 1701 265 1780 Quam
289 1703 375 1766 le‘nto
397 1703 516 1766 tractat
538 1723 590 1766 me
613 1701 710 1784 atque
733 1700 864 1782 inludit!
890 1753 896 1765 .
921 1753 926 1765 .
952 1753 958 1765 .

235 1823 378 1879 Charisius
400 1843 427 1894 p.
444 1829 495 1878 183
514 1824 544 1879 P.
571 1823 679 1876 ‘lente
704 1821 838 1876 Afranius
865 1821 896 1876 in
924 1821 1104 1878 Consobrinis
1130 1824 1179 1896 [V]

161 1895 238 1950 idem
255 1895 286 1949 in
304 1895 501 1965 Emancipato:
522 1895 617 1962 quam’
639 1910 662 1948 e.
682 1912 708 1962 q.
729 1912 750 1948 s.

632 2045 704 2106 XIV

160 2147 251 2214 Idem
274 2150 307 2214 ds
331 2149 387 2232 qui
410 2170 544 2233 sempor,
566 2147 665 2231 idque
687 2151 725 2211 ut
748 2147 810 2210 rito
833 2146 1003 2234 intellegas
1114 2152 1123 2174 “

162 2254 207 2319 Te
230 2255 334 2319 facere

233 2374 376 2430 Charisius
394 2394 421 2445 p.
437 2381 488 2429 193
507 2376 536 2429 P.
558 2375 660 2428 ‘rite'

642 2523 698 2582 XV
709 2573 712 2579 .

163 2678 170 2691 .
194 2678 201 2690 .
223 2675 233 2692 .
257 2676 264 2690 .
288 2630 320 2690 te
343 2626 447 2690 facere
471 2629 625 2710 conpecto
650 2626 758 2689 omnia
1197 2644 1232 2692 90

234 2746 377 2802 Charisius
404 2767 430 2818 p.
452 2753 502 2802 117
530 2749 561 2802 Ρ.
593 2748 794 2816 ‘conpecto'
834 2750 1013 2818 (conpacto
1046 2751 1178 2818 excerpta

161 2819 254 2888 Bern.)
290 2818 420 2872 Fortasse
439 2819 472 2874 fr.
491 2819 555 2872 XIV
575 2821 604 2872 ct
621 2818 673 2872 XV
692 2818 890 2873 cohaerebant.

233 2917 369 3012 conphcto
388 2945 445 2999 cod.

633 3022 704 3080 XVI

94 3165 98 3172 ·
150 3123 268 3189 ¹Viden
290 3128 328 3188 ut
350 3124 485 3189 facunde
509 3125 621 3188 contra
644 3123 784 3188 causaris
806 3125 954 3208 patrem?

233 3245 343 3300 Nonius
362 3252 405 3315 89,
425 3252 440 3300 9
461 3245 628 3315 ‘causari‚
649 3262 764 3300 causam
783 3244 875 3298 dicere
893 3245 941 3299 uel
959 3245 1109 3300 defendere
1125 3289 1131 3300 .
1148 3291 1175 3302 ..

161 3316 295 3371 Afranius
314 3316 511 3387 Emancipato:
531 3316 621 3370 uidet’
642 3333 665 3370 e.
685 3335 711 3384 q.
732 3335 752 3370 s.
833 3372 835 3376 ,

233 3423 319 3478 uiden
338 3426 370 3476 ut
387 3425 487 3494 scripsi
504 3425 553 3493 (aa
570 3421 654 3476 uideo
663 3426 685 3493 1)
704 3422 784 3478 :ridet
802 3443 823 3476 ω
842 3422 908 3477 uida
927 3425 960 3477 ut
978 3425 1116 3480 Reatinus
1134 3423 1176 3478 iu·

163 3496 217 3558 dex
240 3496 303 3552 Boe
325 3497 384 3566 (acc
406 3494 511 3553 uindex
534 3496 641 3566 longius
664 3496 768 3564 aberat)
793 3493 888 3566 lepido
916 3497 945 3548 et
967 3496 1104 3568 Berpttas
1129 3498 1178 3566 (aa

162 3563 265 3641 caliido
284 3565 432 3636 inceptare.
450 3565 576 3636 mutilet)
651 3564 773 3623 causeris
791 3565 896 3624 dandas
1017 3567 1019 3572 '
