2670 3948
527 191 582 248 (IN.
602 191 763 249 NAEVIVS
1108 194 1153 260 25

623 361 666 420 XI

134 459 321 548 Niimquam
349 461 521 548 qnisquam
551 463 654 529 amieo
686 463 807 528 amanti
837 463 940 530 amica
969 464 1067 530 nimis
1095 465 1153 530 fiet
1172 417 1226 534 oo·

776 570 895 656 fidelis,

133 675 202 743 Ne'e
224 675 323 742 nimis
345 675 507 764 morigera
529 678 562 742 e't
585 675 703 742 deuota
726 676 898 763 quisquam
922 677 983 743 erit
1006 728 1014 742 .
1037 729 1044 743 .
1069 729 1076 743 .
1100 729 1108 744 .

204 815 348 871 Charisius
366 833 393 886 p.
410 820 462 871 186
476 815 514 880 P.
528 815 668 872 ‘nimis’

206 945 220 994 1
241 940 296 995 siet
315 940 464 996 Fabricius
541 945 557 994 2
576 940 631 996 erit
648 940 772 1011 moriger
789 944 819 996 et
836 944 905 996 nota
923 943 981 997 eod.
999 942 1153 1014 (morigera

132 1013 204 1082 edd.)
226 1011 365 1082 morigere
389 1013 500 1066 morata
523 1011 586 1067 Bae
658 1029 710 1067 nee
734 1011 788 1067 erit
811 1011 896 1067 nimis
920 1011 1059 1083 morigere
1081 1017 1152 1069 nata

133 1084 211 1153 (oiim
227 1081 369 1153 morigera
388 1085 418 1138 st
435 1084 515 1153 uota)
533 1085 604 1139 coni.
677 1081 780 1138 mulier
798 1083 860 1138 uiro
878 1086 910 1140 io
928 1086 1006 1140 emita
1023 1087 1153 1156 soppleoe

617 1251 676 1310 XII

133 1352 282 1418 Primum
306 1353 346 1416 ad
367 1352 523 1418 uirtutem
547 1355 585 1417 tt
607 1351 758 1439 redeatis,
780 1351 904 1418 abeatis
927 1353 968 1418 ab
991 1354 1135 1442 ignetuia,

132 1459 231 1526 Domi
258 1464 367 1545 patres
395 1459 535 1544 patriam
563 1463 601 1525 tt
628 1459 742 1524 coletis
769 1459 879 1544 potius
904 1481 1001 1545 quam
1024 1461 1156 1550 peregri

774 1566 904 1651 probra.

204 1687 349 1742 Charisius
371 1705 400 1758 p.
416 1691 468 1742 189
482 1686 512 1743 P.
539 1686 693 1757 ‘peregri
721 1689 831 1757 autem,
860 1704 924 1742 enm
951 1688 981 1742 in
1008 1688 1071 1744 loeo
1100 1692 1151 1744 est.

131 1759 251 1814 Plautus
269 1758 301 1812 in
314 1758 413 1815 Persa:
432 1758 482 1827 qui
500 1775 563 1814 erus
582 1757 693 1830 peregri
712 1760 763 1815 est.
791 1758 919 1814 Naeuius
935 1759 966 1813 in
980 1759 1151 1818 Tarentilla:

129 1829 264 1900 primnm’
285 1845 351 1898 eq.
368 1848 388 1886 s.
408 1834 489 1900 (nae
507 1829 654 1884 naeuius
674 1829 746 1899 eod.)

205 1961 219 2008 1
239 1952 364 2008 redeatis
375 1953 528 2011 Fabricius
541 1952 665 2008 redactis
679 1955 719 2009 ed.
726 1969 771 2023 pr.
790 1953 915 2009 reductis
930 1955 987 2011 eod.
1044 1959 1060 2008 2
1075 1954 1152 2010 domi

133 2027 234 2096 scripsi
247 2024 347 2078 domos
361 2026 428 2095 eod„
443 2032 535 2082 testor
549 2024 612 2080 Bae
625 2026 691 2080 decl.
707 2026 754 2080 lot.
765 2030 812 2080 29:
831 2027 878 2082 sed
891 2027 928 2094 ef.
938 2025 1152 2082 OFWMueller

129 2097 238 2238 {mg
254 2097 461 2224 assumtae
515 2097 624 2198 patres]
638 2111 772 2165 praesens
785 2097 826 2152 ed.
836 2114 882 2168 pr.
932 2096 1036 2166 probra
1054 2099 1154 2167 scripsi

606 2263 681 2323 XIII

133 2348 305 2416 confestim

205 2468 349 2524 Charisius
372 2487 399 2540 p.
416 2475 466 2525 177
482 2470 512 2524 P.
539 2467 752 2538 ‘confestim
775 2468 856 2524 uelut
879 2451 1050 2540 competenti
1073 2469 1154 2524 festi-

133 2541 250 2596 natione
265 2585 270 2596 .
283 2584 289 2596 .
302 2583 308 2595 .
323 2539 473 2596 confestim
494 2556 546 2611 pro
569 2538 703 2594 continuo
727 2543 756 2594 et
775 2539 835 2595 sine
853 2540 1005 2596 interuallo
1020 2585 1026 2596 .
1039 2585 1061 2597 ..
1077 2541 1151 2595 Nae·

133 2612 196 2666 nius
215 2611 247 2665 in
265 2611 422 2667 Tarentilla
441 2614 470 2667 et
488 2611 519 2666 in
537 2610 713 2666 Corollaria!

609 2779 680 2838 XIV

134 2867 229 2948 atque

204 2983 349 3040 Charisius
393 2989 467 3039 ,204
481 2985 512 3040 P.
537 2983 659 3054 ‘atque
681 3000 733 3054 pro
758 2987 787 3038 et
807 3027 885 3041 .....
905 2984 952 3040 Cn.
972 2983 1098 3039 Naeuius
1121 2984 1152 3038 in

134 3055 298 3126 Agitatoria
316 3002 405 3128 [le}
425 3057 474 3110 sed
494 3058 523 3111 et
540 3055 571 3110 in
589 3054 766 3110 Tarentilla?

194 3289 196 3296 ,
615 3224 671 3282 XV

133 3306 331 3391 pellucidum

203 3427 295 3483 Varro
324 3427 359 3481 de
386 3427 405 3482 1.
429 3427 447 3482 l.
467 3427 519 3482 VH
539 3432 590 3483 108
608 3428 645 3482 M.
677 3428 764 3498 ‘apud
791 3427 932 3483 Naeuium
959 3427 989 3482 in
1016 3428 1150 3484 Hesiona.

210 3497 241 3553 in
255 3497 426 3554 Tarentilla:
444 3499 673 3569 pellucidum,
693 3515 710 3553 e
727 3499 790 3554 luce
808 3499 938 3555 illustne?
968 3500 1150 3554 tarentilli

134 3568 207 3624 Flor.
253 3568 478 3639 'pellucidum
500 3569 718 3640 Klussmannus‚
746 3569 822 3638 quod
844 3570 900 3625 ioci
924 3587 1009 3625 eausa
1032 3587 1067 3625 ex
1088 3570 1152 3640 pal·
