2670 3948
513 484 793 570 ualuas

356 611 358 614 Ι
424 678 478 738 nx
500 677 687 738 measure
709 676 881 736 anavnrs

646 803 662 860 I

142 907 231 972 Lena
254 904 395 972 delenita
418 908 553 992 argento
577 907 694 968 ndtum
716 902 905 968 obseruabit
926 925 1048 988 meum,
1123 955 1126 963 ,

144 1013 229 1092 Quid
251 1013 365 1097 uelim,
389 1011 467 1097 quid
489 1009 644 1075 studeam.
684 1008 857 1074 adueniens
881 1007 984 1095 digito
1008 1009 1162 1094 inpellam

786 1115 930 1180 ianuam:

142 1226 243 1292 Fores
260 1225 427 1311 patebunt.
460 1223 498 1288 de
517 1222 685 1308 inprouiso
701 1221 834 1306 Chrysis
851 1221 909 1286 ubi
923 1243 975 1287 me
989 1221 1161 1308 aspexerit,

142 1313 281 1398 'Alacrie
295 1331 426 1397 obuiam
440 1330 522 1394 mihi
536 1331 648 1396 ueniet
660 1329 865 1415 cdmplexum
875 1331 1033 1414 exoptans
1041 1352 1163 1416 meum,

110 1457 126 1506 5
144 1439 230 1504 Mihi
252 1461 286 1504 se
310 1437 416 1502 dedet:
438 1435 617 1502 Fortunam
641 1437 745 1521 ipsam
766 1434 897 1502 anteibo
916 1435 1057 1501 fortunis
1074 1437 1162 1502 meis.

217 1577 313 1632 Cicero
332 1576 414 1632 Tusa,
435 1575 506 1646 disp.
521 1575 561 1630 IV
575 1582 622 1646 31,
638 1581 672 1630 67
697 1575 793 1630 ‘aliter
820 1575 895 1630 enim
921 1575 1085 1630 Naeuianus
1113 1575 1163 1630 illc

165 1649 252 1705 audet
269 1649 386 1714 Hector:
405 1647 498 1702 laetus
519 1647 591 1701 sum’
608 1663 631 1702 e.
642 1665 668 1715 q.
680 1665 700 1702 s.
737 1645 833 1701 ‘aliter
851 1646 902 1701 ille
920 1647 997 1717 apud
1010 1647 1162 1703 Trabeam:

144 1669 280 1776 iana...
296 1719 406 1773 dedet.
449 1735 535 1788 quam
557 1719 628 1773 haec
650 1718 770 1788 pulchra
791 1719 886 1788 putet,
910 1717 971 1787 ipse
993 1717 1051 1772 iam
1074 1718 1163 1775 dicct:

146 1793 331 1846 Fortunam
347 1834 352 1844 .
366 1833 389 1846 ..
405 1789 508 1845 meis’
1056 1795 1058 1798 '

146 1987 174 2042 B
209 1922 234 2042 t?
252 1913 315 1999 lori
339 1913 451 1984 patebit
468 1914 613 1971 Beattciac
690 1914 818 1970 Vircao
839 1914 996 1983 particulae
1018 1916 1165 1972 coniunxit

175 2005 209 2043 ca
231 2003 291 2042 caeos

641 2098 673 2156 Π

146 2199 229 2290 'Ego
253 2199 457 2284 uoluptatem
480 2199 581 2264 animi
603 2199 738 2264 nimiam
757 2203 919 2264 summum
937 2221 1005 2264 esse
1024 2223 1165 2266 errorem

789 2305 938 2371 arbitror.

220 2427 317 2483 Cicero
340 2427 422 2481 Tusa.
447 2426 518 2510 disp.
533 2427 572 2481 IV
587 2431 633 2496 15,
648 2432 683 2481 35
708 2428 807 2495 ‘quae’
832 2427 982 2498 (appetitio
1005 2428 1104 2500 nimia)
1129 2429 1165 2483 ‘si

149 2499 263 2570 quando
287 2499 392 2568 adepta
414 2498 468 2552 crit
491 2498 534 2567 ld,
562 2497 638 2566 quod
661 2498 689 2552 ei
711 2498 797 2553 fuerit
819 2499 1011 2570 concupitum,
1037 2502 1099 2554 tum
1122 2517 1166 2555 ec-

149 2571 255 2626 feretur
278 2569 440 2639 alacritate,
464 2572 497 2623 ut
518 2567 592 2622 nihil
616 2568 643 2623 ei
662 2572 772 2625 constet
790 2570 866 2639 quod
885 2573 966 2640 agat,
989 2573 1023 2625 ut
1044 2571 1093 2626 ille
1116 2571 1166 2641 qui

150 2643 367 2712 uoluptatem
391 2639 496 2695 animi
517 2639 657 2694 nimiam
675 2659 836 2696 summum
854 2657 928 2696 esse
946 2658 1095 2697 errorem
1113 2660 1166 2698 ar-

151 2712 327 2768 bitratur.’
365 2712 398 2765 In
417 2710 519 2780 quibus
539 2711 666 2766 Trabeae
683 2728 795 2766 versum
813 2712 902 2766 latere
919 2713 1063 2782 perspexit
1080 2714 1166 2768 Bent-

151 2785 232 2840 laius.
269 2783 366 2838 Cicero
386 2783 423 2836 ad
440 2782 507 2838 farn.
521 2782 577 2836 ne
599 2784 724 2853 ‘repente
747 2800 813 2838 uero
836 2783 939 2838 incessi
960 2783 1089 2838 omnibus
1107 2784 1167 2838 lae-

152 2855 225 2910 titiis
244 2855 344 2909 laetus.
373 2853 406 2908 In
425 2871 480 2922 quo
500 2870 564 2908 curn
582 2853 747 2924 obiurgaret
763 2855 840 2922 quod
855 2853 943 2909 nimio
957 2855 1062 2926 gaudio
1075 2871 1166 2924 paene

153 2925 321 2996 desiperem,
348 2925 391 2980 ita
417 2941 463 2979 me
491 2924 689 2980 defendebam:
723 2941 783 2995 ego
815 2925 1033 2996 uoluptatem
1060 2925 1167 2980 animi
1199 2971 1201 2974 .

152 2997 313 3052 nimiam’
350 2997 429 3050 Idem
447 2995 485 3050 dc'
501 2996 626 3065 fin.114,
642 3001 676 3050 13
695 2997 773 3050 ‘nam
791 2999 820 3051 et
837 2996 886 3050 ille
905 2997 981 3068 apud
999 2996 1167 3052 Trabeam

153 3069 371 3138 uoluptatem
394 3066 499 3121 animi
522 3067 663 3122 nimiam
682 3067 823 3122 laetitiam
842 3067 931 3123 dicia!
968 3067 1047 3122 Idem
1063 3071 1166 3138 poetae

154 3139 262 3193 dictum
279 3139 345 3194 vide
364 3156 401 3193 an
417 3137 572 3220 respiciant
588 3138 641 3194 illa
656 3138 798 3194 Ciceronis
818 3139 855 3192 ad
868 3139 988 3193 Paetum
999 3139 1039 3193 IX
1052 3145 1085 3194 21
1108 3139 1167 3196 ‘ain

153 3209 288 3265 tandem?
305 3209 429 3264 insanire
446 3208 501 3263 tibi
518 3209 633 3279 uideris,
652 3210 729 3279 quod
746 3209 856 3265 imitere
869 3209 1020 3264 uerborum
1032 3227 1166 3281 meorum,

154 3285 187 3352 ut
209 3279 322 3351 scribis,
345 3279 481 3336 fulmina?
515 3283 577 3334 tum
599 3281 749 3350 insanires,
778 3279 803 3335 si
826 3280 960 3349 consequi
981 3298 1039 3336 non
1061 3299 1167 3354 posses.

155 3370 220 3407 curn
241 3368 308 3406 uero
332 3350 419 3406 etiam
441 3351 551 3421 uineas,
574 3369 619 3407 me
641 3352 719 3422 prius
741 3351 865 3407 inrideas
889 3369 974 3420 quarn
995 3355 1025 3408 te
1047 3357 1167 3424 oportet.

155 3439 242 3493 quare
265 3421 338 3476 nihil
360 3422 415 3476 tibi
439 3440 508 3493 opus
532 3426 576 3478 cst
597 3423 688 3478 illud
712 3423 892 3493 aTrabea,
916 3423 966 3478 sed
983 3424 1079 3494 potius
1098 3423 1168 3480 ἀπό-

155 3514 261 3577 τευγμα
279 3494 392 3548 meum?
423 3495 543 3549 Paetum
555 3495 682 3550 Trabeae
700 3511 782 3550 versu
800 3494 924 3563 quodam
941 3513 1023 3550 usum
1037 3513 1097 3550 esse
1111 3513 1168 3564 quo

156 3565 329 3638 significaret
350 3581 407 3620 non
430 3566 578 3622 succedere
600 3566 656 3637 ipsi
679 3567 754 3636 quod
778 3579 926 3636 aggressus
950 3569 1023 3638 erat,
1047 3566 1169 3622 coniecit
