2694 3952
387 187 417 243 L.
436 187 648 242 POMPONIVS
667 185 911 244 BONONIENSIS
1091 187 1158 260 275,

142 347 311 402 neutraliter
336 346 461 416 saepius,
490 349 519 401 et
546 345 715 416 Pomponius
741 346 771 402 in
795 346 911 416 Capella
939 365 1003 401 cum
1026 347 1080 404 ait:
1109 349 1158 402 cli-

142 419 237 489 peum’
259 435 282 473 e.
298 436 324 486 q.
340 435 361 473 s.
394 419 483 474 Anon.
504 419 539 472 de
561 418 626 473 dub.
645 435 719 474 nom.
738 417 769 471 in
788 417 855 472 GGL
874 419 899 473 V
917 437 944 488 p.
960 425 1013 474 574
1030 419 1063 474 K.
1085 419 1158 473 ‘cli-

141 507 224 559 peus
250 489 361 558 generis
386 489 535 546 masculini
634 491 663 542 et
685 489 893 559 Pomponius
917 489 1028 561 gennis
1051 491 1157 548 neutri:

143 561 275 630 clipeum’
292 577 315 614 e.
330 578 356 628 q.
372 579 392 615 s.
414 561 476 614 ‘sed
493 578 551 614 non
569 559 724 630 recipitur?

213 665 307 720 medio
326 685 407 723 anca.
426 667 551 720 medium
569 667 694 722 Charisii
711 668 768 722 cod.

528 888 770 948 OITHARISTA

212 1005 252 1059 cf.
271 1004 447 1074 Κιθαριστής
465 1004 636 1074 Antiphanis
655 1008 685 1058 et
702 1005 859 1061 Menandri.

704 1133 786 1217 noli,
809 1155 941 1218 quaeso,
964 1134 1112 1198 irascere:
1176 1152 1211 1200 30

140 1237 231 1303 More
254 1239 305 1324 fit,
328 1238 443 1302 moriri
466 1261 556 1302 suam
579 1239 674 1323 <uir>
693 1237 829 1324 quisque
852 1243 890 1302 ut
912 1241 1046 1303 uxorem
1069 1240 1157 1305 uelit.

211 1377 320 1431 Nonius
337 1382 422 1445 127‚7
440 1375 603 1431 ‘irascere
618 1393 668 1446 pro
683 1377 776 1432 irasci.
809 1377 979 1448 Pomponius
995 1379 1157 1436 etarista:

139 1448 210 1503 noli’
220 1465 243 1502 e.
252 1467 279 1516 q.
288 1466 308 1502 s.
324 1447 580 1516 (etaeristaFH1
595 1447 790 1504 Citharista
799 1449 939 1503 Mercerus
953 1449 1158 1505 Hetaerisca

141 1519 294 1574 Salmasius
313 1518 517 1574 Hetaerista
536 1519 741 1589 authentus,
759 1519 824 1576 fort.
843 1523 929 1592 recte)

213 1651 226 1698 1
246 1642 305 1697 neli
320 1643 394 1698 Μ
453 1649 468 1697 2
487 1642 584 1696 moriri
603 1660 683 1697 suam
700 1643 745 1698 uir
763 1643 882 1712 quisque
901 1647 933 1699 ut
951 1661 1066 1698 uxorem
1084 1645 1156 1700 uelit

139 1717 238 1786 scripsi
255 1713 352 1769 moriri
370 1730 450 1768 suam
464 1713 583 1782 quisque
597 1730 712 1768 uxorem
729 1717 763 1768 ut
778 1715 849 1769 uelit
867 1736 897 1784 ω,
916 1717 974 1770 atsi
991 1719 1063 1786 qood
1079 1717 1155 1785 quis-

139 1803 193 1855 que
212 1805 262 1842 ora.
274 1785 360 1855 M,
379 1787 426 1841 aed
440 1792 504 1855 post
521 1801 636 1839 uxorem
654 1786 744 1855 spatio
763 1790 781 1840 5
799 1787 953 1842 litterarum
970 1789 1065 1842 relicto
1083 1789 1110 1842 L

139 1875 218 1912 suam
243 1857 339 1911 moriri
362 1857 480 1925 quisque
508 1859 541 1910 ut
567 1872 682 1910 uxorem
707 1855 780 1910 uelit
803 1865 867 1926 post
887 1857 1017 1914 Graecum
1035 1859 1155 1914 Bethana

199 1945 277 1983 moro
297 1935 360 1998 post
383 1928 415 1982 fit
437 1929 523 1982 maeri
544 1929 603 1982 call
621 1928 696 1995 Bae,
720 1943 829 1997 semper
847 1936 911 1998 post
933 1927 1029 1984 moriri
1051 1948 1083 1998 a,
1110 1929 1155 1982 uir

140 2008 201 2070 post
218 2015 334 2054 uxorem
353 1999 458 2054 Oratores
1067 2036 1076 2044 ,‚

525 2182 762 2244 *oonnnslvn

139 2304 177 2370 ss
198 2304 276 2388 quid
299 2305 469 2389 expalpaire
491 2304 613 2388 possim
637 2304 677 2370 ab
700 2303 759 2368 sslo
783 2355 915 2368 .....

208 2442 317 2496 Nonius
338 2448 398 2511 104,
414 2447 447 2499 12
468 2442 677 2512 ‘expalpare‚
702 2442 802 2498 elicere
827 2487 877 2498 ...
901 2443 1071 2513 Pomponius
1091 2444 1153 2500 Oel-

137 2513 226 2584 legio:
247 2514 280 2566 si’
300 2530 323 2568 e.
338 2531 364 2582 q.
381 2532 401 2568 s.

563 2696 725 2758 cosona
773 2682 775 2688 '

137 2818 205 2884 Vos
228 2818 302 2882 istic
324 2818 465 2882 manete:
488 2817 663 2882 eliminabo
687 2821 777 2882 extra
800 2817 886 2881 aedis
910 2817 1088 2904 coniugem.

212 2957 322 3010 Nonius
341 2961 414 3024 39‚1
437 2955 628 3010 ‘eliminare
651 2959 730 3010 extra
752 2955 839 3010 limm
858 2955 958 3010 eicere’
977 2957 1073 3024 (immo
1094 2959 1150 3012 ‘ex-

139 3029 218 3099 oire’)
239 3029 257 3083 ‘.
274 3072 279 3082 .
296 3071 302 3083 .
321 3026 491 3096 Pomponius
507 3027 628 3084 Conca:
647 3029 709 3082 uos’
726 3043 748 3083 e.
759 3045 786 3096 q.
798 3045 817 3082 s.
850 3027 929 3081 Idem
947 3033 1008 3098 292,
1023 3034 1056 3083 26
1077 3029 1151 3084 ‘eli-

139 3099 281 3154 minare’
298 3099 361 3169 (‘se’
376 3098 440 3154 add.
452 3097 561 3168 Quioh.)
577 3100 632 3154 ‘est
646 3099 727 3154 exire.
760 3098 867 3156 Ennius
881 3099 983 3154 Medea
1001 3099 1082 3154 exule
1101 3101 1150 3173 [Il]
1231 3153 1233 3157 Α

140 3170 242 3225 Accius
265 3167 426 3224 Phoenissis
449 3169 525 3251 [VII]
547 3169 624 3224 idem
646 3169 789 3240 Meleagro
813 3169 900 3242 [Vm]
916 3170 1008 3225 'Varro
1032 3171 1150 3226 Serrano

233 3258 267 3296 ex
299 3239 393 3296 oraclo
426 3239 540 3302 elimino
571 3257 625 3296 me.
676 3241 821 3301 eliminare
852 3259 963 3299 rursum
994 3242 1148 3300 excludere.

136 3313 277 3436 Pacuulius
300 3311 448 3366 Duloreste
472 3311 559 3384 [XIV]
584 3313 755 3382 Pomponius
778 3311 924 3368 Concha:
950 3315 1017 3368 uos’
1037 3330 1061 3368 e.
1081 3333 1107 3383 q.
1127 3333 1148 3370 ι.

134 3387 226 3453 (conc
248 3388 315 3454 au)

205 3489 254 3543 isti
272 3508 303 3560 p.
319 3495 370 3544 292
389 3489 466 3557 Bc,
485 3497 574 3560 potest
591 3508 683 3547 cerras
700 3508 762 3548 esse.
786 3491 863 3562 istic,
882 3491 909 3548 ic
928 3493 960 3552 ia
976 3509 1044 3563 aaa,
1063 3492 1098 3548 H

133 3564 230 3614 manet
249 3582 270 3614 ω
342 3560 423 3614 hedis
442 3561 552 3617 ΒΘΗ1

935 3655 986 3709 18·
