2694 3952
404 186 434 240 L.
453 185 666 242 Pourourus
683 186 930 242 Bononiensis
1109 187 1176 252 279

155 345 352 416 (Pompeius
374 345 437 402 Par.
456 347 545 417 Lugd.
564 347 662 402 Dresd.
692 347 765 401 sine
789 363 868 416 ergo
891 347 984 402 istuc
1006 347 1068 403 Par.
1085 347 1176 418 Lugd.

157 417 271 486 Dresd.‚
301 417 344 472 ed.
367 418 448 473 Terv.
473 435 537 472 oum
558 417 761 473 recentioribus
788 417 862 472 sine
890 435 971 488 ergo
999 417 1090 474 istac
1112 419 1176 476 edd.
1204 475 1207 479 ,

155 489 238 544 Rom.
249 487 334 543 Vind.
348 489 434 558 Med.)

156 667 188 722 D
212 595 308 723 'ottho
332 597 529 666 interpretatur
554 596 605 650 dat
631 613 745 666 operam
769 597 844 664 Boe,
873 595 1007 651 deamans
1033 597 1178 652 osculatur

189 682 261 722 asar
279 683 294 722 o

498 850 502 856 ·
561 815 772 876 FVLLONES

658 941 674 1000 I

158 1041 246 1118 Quin
269 1043 361 1128 ergo,
384 1041 512 1126 quando
536 1043 701 1128 conuenit,
725 1041 939 1126 conplectite?
963 1080 1006 1090 -

158 1147 206 1212 Mi
229 1149 345 1233 frater,
369 1148 508 1214 salueto!
530 1185 573 1196 -
596 1145 635 1213 ‘0
658 1169 763 1234 soror,
786 1149 888 1235 salue,
911 1151 995 1214 meai

154 1269 428 1409 quinlignigssflz
452 1275 486 1324 32
516 1268 756 1338 ‘conplectita
797 1270 968 1340 Pomponius
995 1271 1176 1327 Fullonibus:

229 1453 245 1509 2
265 1447 305 1500 mi
324 1449 364 1502 ed.
380 1466 405 1502 a.
424 1453 491 1502 1471
511 1446 582 1500 mihi
601 1468 622 1502 ω
708 1445 818 1502 salueto
839 1447 1049 1505 OFWMuetler
1063 1451 1175 1520 prosod.

155 1520 254 1574 Plorat.
272 1524 322 1572 ota
342 1518 420 1573 salue
439 1539 460 1573 ω
533 1535 611 1572 soror
629 1519 711 1574 BoP
732 1535 795 1574 soro
814 1539 836 1589 φ

652 1687 684 1746 Π

158 1787 270 1854 Facite
292 1791 330 1852 ut
353 1787 439 1874 ignis
461 1787 580 1874 feruet,
602 1787 692 1876 ligna
714 1787 859 1875 insipite,
880 1788 931 1852 far
953 1789 1120 1856 concidite.
1193 1807 1229 1856 oo

157 1909 339 2048 facstleffogiuls
354 1913 415 2033 ξο4,
426 1915 459 1964 26
476 1909 502 1964 ‘f
504 1925 562 1963 eru
568 1911 603 1964 at
616 1926 667 1978 pro
681 1908 798 1964 ferueat.
830 1909 1001 1980 Pomponius
1015 1910 1173 1968 Fullone:

227 2085 338 2140 ferueat
356 2087 401 2140 H¹
490 2086 606 2156 incipite
625 2087 747 2159 Sculiper
770 2086 900 2156 instipite
920 2108 942 2140 ω
1032 2088 1173 2144 concidite

153 2159 284 2229 catadupa
300 2156 417 2226 pinsite3
436 2159 471 2226 of.
491 2175 515 2213 o.
531 2165 565 2213 86

453 2359 576 2419 GALLI
598 2361 872 2420 TRANSALPINI

154 2478 257 2564 Mars,
279 2478 344 2543 tibi
367 2479 528 2543 facturum
550 2481 669 2565 nouae,
692 2480 720 2544 si
742 2503 897 2564 umquam
920 2481 1064 2569 redierit,

153 2585 287 2650 Bide'nti
310 2607 411 2650 uerre.

228 2707 335 2762 Gellius
354 2707 419 2762 XVI
442 2711 502 2778 6,7
528 2707 717 2777 ‘uidebimus,
743 2725 780 2762 an
803 2724 870 2762 oues
894 2709 984 2778 solae,
1008 2711 1040 2764 ut
1062 2712 1095 2764 tu
1118 2710 1170 2780 ais,

152 2778 317 2833 bidentes
341 2778 484 2849 dicantur,
510 2782 539 2834 et
562 2796 599 2834 an
620 2779 791 2850 Pomponius
814 2779 1010 2836 Atellanarum
1031 2783 1117 2850 poeta
1140 2781 1171 2836 in

154 2849 247 2905 Gallis
267 2849 460 2920 Transalpinis
480 2851 627 2920 errauerit,
652 2868 715 2904 cum
738 2851 791 2905 hoc
810 2849 934 2920 scripsit:
959 2851 1046 2905 Mars’
1067 2869 1131 2921 eq.
1148 2871 1169 2908 s.

153 2920 296 2990 (Galliis
315 2921 424 2992 Petav.)
455 2921 615 2978 Macrobius
630 2921 687 2976 Sat.
702 2921 742 2976 VI
761 2927 785 2990 9,
800 2929 817 2978 4
838 2923 946 2983 ‘uerum
962 2924 1171 2992 procurandum

152 2995 210 3060 est,
236 3009 272 3047 ne
295 2991 368 3046 iilud
391 2993 522 3064 obrepat,
551 2993 627 3068 quod
649 2992 811 3047 bidentes
835 2992 981 3062 epitheton
1004 2993 1042 3048 sit
1065 2993 1170 3065 ouium,

152 3081 219 3118 oum
237 3063 416 3134 Pomponius,
436 3063 565 3134 egregius
583 3063 779 3118 Atellanarum
796 3065 890 3133 poeta,
909 3063 940 3117 in
959 3063 1048 3119 Gallis
1067 3065 1170 3120 Trans-

153 3133 259 3204 alpinis
278 3135 332 3190 hoc
351 3134 506 3204 scripserit:
525 3135 613 3190 Mars'
629 3151 652 3190 e.
663 3153 689 3204 q.
701 3153 722 3190 s.
754 3134 864 3188 Nonius
879 3141 922 3202 tt,
937 3141 971 3190 tt
992 3135 1169 3192 ‘bidentes

155 3205 206 3274 qui
229 3205 382 3260 aestimant
405 3207 441 3260 ob
466 3223 529 3260 eam
551 3223 665 3261 oausam
689 3222 755 3261 oues
779 3223 797 3260 a
814 3205 941 3275 Vergilio
965 3206 1069 3276 dictas,
1093 3209 1171 3278 quod

152 3277 225 3330 duos
244 3277 342 3332 dentes
360 3277 494 3348 habeant,
513 3277 634 3347 pessime
653 3294 686 3332 ac
702 3276 806 3332 uitiosa
824 3275 1002 3348 intellegant.
1034 3296 1101 3334 nam
1117 3297 1171 3335 neo

152 3348 224 3402 duos
244 3348 342 3402 dentes
366 3349 473 3404 habent
491 3351 531 3418 (et
549 3349 603 3404 hoc
621 3347 737 3418 quidem
755 3349 784 3402 et
806 3363 895 3418 genus
913 3348 1032 3404 monstri
1050 3353 1116 3422 est),
1140 3354 1171 3406 et

153 3419 255 3472 melius
274 3419 372 3474 intelle
396 3419 401 3430 '
421 3422 528 3490 potest,
550 3419 575 3476 si
592 3419 703 3476 biennis
722 3417 826 3474 dixerit
844 3419 1013 3476 auctoritate
1031 3421 1171 3496 Pomponi

126 3489 185 3542 ‘in
208 3489 354 3546 Atellana:
410 3492 465 3545 ars’
484 3508 507 3546 e.
523 3509 549 3560 q.
565 3509 585 3546 s.
623 3489 1169 3564 (‘Pomponii'ed.1476‘Pomponius’

153 3559 232 3631 libri)
250 3560 375 3616 Pessime
393 3562 463 3617 haec
483 3565 628 3618 conuecta
647 3579 681 3618 ex
699 3561 829 3617 uberiore
847 3561 933 3616 Gellii
950 3563 1052 3634 eapite.
