2670 3948
173 190 217 255 26
565 190 622 247 CN.
640 183 802 248 MEVWS

171 352 232 406 lore
252 353 283 404 et
305 350 400 405 lucido
424 350 611 420 compositum
632 355 715 422 puto,
738 353 771 407 A.
791 351 922 407 Lentzins
940 351 1043 408 Philol.
1058 352 1123 407 XIII
1138 358 1189 408 601

172 421 295 492 hybrida
323 421 511 492 originatione
539 439 574 478 ex
599 442 660 478 παν
682 426 712 478 ct
733 423 829 478 lucido
853 423 1007 478 conflatum
1034 423 1190 496 eademque

172 492 289 548 notione
308 511 365 561 qua
384 496 428 548 est
444 493 624 562 praelucidus
643 497 810 564 usurpatum
825 511 886 549 esse
901 495 1054 551 statuebat.
1087 495 1190 565 pacui

173 565 250 618 dum
276 563 349 619 Flor.
372 564 541 634 pacuuius
570 565 646 620 dum
673 565 760 621 Paris.
786 582 803 620 a
829 565 972 635 pacuuii
1000 566 1077 620 dum
1105 565 1188 622 Goth.

172 636 263 691 Haun.
291 635 532 716 praelucidum
556 636 588 692 Ο.
607 635 773 706 Muellerus,
801 636 878 705 quod
899 637 930 691 in
952 637 1007 692 hac
1030 637 1190 708 glossarum
1324 683 1325 700 .

172 705 244 761 serIe
262 724 355 761 mmus
375 706 462 762 etiam
479 707 627 777 probabile
647 710 691 762 est
704 725 791 777 quam
833 707 1032 764 ellucidum.
1063 708 1189 764 Bueche·
1324 703 1325 766 l

171 777 246 832 lerus
265 777 457 832 dilucidum
475 779 630 848 proposuit.
668 778 708 834 ef.
728 726 922 874 corollZXVIl.

568 946 793 1006 TIIOHNIOVS

242 1063 426 1118 Tecinicus
458 1061 582 1118 nominis
615 1062 736 1118 formam
771 1063 981 1122 commendavit
1012 1063 1186 1120 Ritschelins

171 1149 265 1203 opusc.
280 1135 307 1188 Π
320 1139 381 1202 483,
400 1133 530 1188 dolosum
547 1133 594 1188 uel
612 1133 780 1188 insidiosum
798 1134 987 1205 interpretans
1005 1153 1032 1205 p.
1047 1141 1108 1190 499.

170 1243 346 1308 confictant

241 1364 331 1418 Varro
350 1364 385 1418 de
399 1364 417 1419 l.
432 1364 450 1419 l.
465 1365 517 1418 VII
532 1370 583 1419 107
592 1365 631 1420 M.
652 1366 741 1434 ‘apud
759 1365 900 1420 Naeuium
918 1366 948 1420 in
966 1366 1091 1421 Hesiona
1100 1409 1186 1423 ......

169 1434 201 1488 in
219 1434 372 1492 Tochnico:
392 1435 597 1505 confictant,
616 1453 634 1490 a
648 1437 767 1492 conficto
782 1437 932 1492 conuenire
946 1436 1073 1494 dictum’
1107 1454 1186 1493 con-

168 1504 454 1560 fictantTurnebus
473 1506 666 1561 conficiant
680 1529 701 1561 ω
781 1507 977 1562 confictant
995 1507 1185 1564 conuenire

168 1575 278 1630 Naevio
296 1577 398 1632 tribuit
415 1577 554 1648 Bergkius
587 1577 740 1632 conficto
760 1595 777 1632 a
795 1577 996 1649 confingere
1015 1578 1130 1634 conieci.
1164 1596 1182 1633 a

169 1647 337 1718 conficto,
357 1648 516 1706 inuenire
534 1649 601 1706 Bue.

531 1815 827 1877 TESTIOVLARIA

240 1932 280 1990 of.
299 1932 471 1988 Ritschelius
489 1933 703 2004 Parerg.1141.

115 2061 149 2108 94
168 2049 272 2118 Immo
297 2074 378 2137 quos
400 2053 511 2118 scicidi
534 2053 568 2118 in
591 2053 641 2120 ius
664 2052 869 2120 conscindam
892 2057 989 2138 atque
1012 2055 1159 2120 a'biciam.

238 2181 398 2236 Priscianus
411 2201 438 2252 p.
449 2188 502 2237 890
511 2183 542 2236 P.
558 2182 667 2237 ‘scindo
682 2182 766 2238 scidi:
783 2182 970 2237 uetustissimi
984 2185 1080 2238 tamen
1094 2183 1184 2239 etiam

167 2252 293 2306 scicidi
310 2253 492 2322 proferebant
506 2297 513 2309 .
525 2297 530 2307 .
542 2293 548 2307 .
560 2297 566 2308 .
577 2254 595 2308 .’
634 2253 675 2310 df.
694 2253 748 2310 inc.
768 2253 825 2309 fab.
840 2253 887 2308 VI.

238 2376 337 2431 scicidi
354 2376 392 2431 in
414 2376 458 2431 ius
480 2379 580 2447 cortpsa'
602 2377 701 2432 scicidi
724 2377 816 2432 minus
844 2379 879 2447 (b.
899 2395 920 2432 e.
944 2377 975 2432 in
998 2377 1074 2447 iuns)
1100 2377 1182 2434 Grai.

169 2447 252 2520 aava.
267 2455 292 2505 ct
306 2465 374 2506 corr.
389 2450 437 2506 oli.
451 2467 486 2504 m.
495 2451 528 2504 m
542 2448 703 2504 scicidimus
718 2449 807 2520 Boap.
823 2447 999 2504 sciscidimus
1014 2449 1081 2521 Rep.
1119 2466 1185 2504 con-

169 2517 309 2589 scindam,
327 2537 347 2574 n
364 2521 396 2576 ab
413 2537 477 2589 roa,
497 2521 583 2576 Borb.
608 2520 756 2576 concidam
773 2538 806 2589 a,
825 2527 894 2578 recte
912 2527 945 2577 ut
961 2522 1017 2578 oid.

541 2695 813 2754 TRIBAOIILVS*

114 2834 149 2883 eo
168 2815 255 2881 Deos
279 2817 398 2900 quaeso
421 2819 458 2880 ut
481 2814 625 2880 adimant
647 2817 680 2880 ct
702 2818 828 2900 patrem
851 2817 884 2880 et
906 2817 1043 2880 matrc'm
1066 2837 1164 2882 meos.

238 2947 366 3004 Donatus
385 2945 415 2999 in
433 2945 495 3000 Ter.
510 2945 629 3016 Adelph.
640 2945 740 3014 tvnc
761 2945 909 3001 ‘moriatur
927 2945 1044 3001 scilicet.
1081 2948 1111 3001 et
1128 2946 1182 3001 hoc

167 3018 302 3072 aduersus
322 3034 434 3072 seruum
452 3016 538 3071 debet
556 3016 657 3086 dicere,
675 3033 711 3071 ne
729 3017 893 3074 indecorum
911 3015 1101 3072 adulescentis
1119 3033 1183 3088 per-

167 3105 253 3142 sonae
277 3088 315 3143 sit
337 3088 407 3142 hacc
430 3086 473 3142 ita
496 3087 614 3158 dixisse,
642 3087 771 3156 quamuis
800 3087 860 3142 eius
885 3086 964 3142 modi
987 3087 1182 3144 adulescentes

165 3158 304 3213 inducant
317 3158 426 3228 comici,
440 3162 473 3213 ut
481 3158 607 3213 Naeuius
621 3157 652 3211 in
661 3157 823 3216 Tribacelo:
838 3159 917 3213 deos'
933 3175 956 3213 e.
967 3176 994 3228 q.
1005 3177 1026 3214 s.
1042 3158 1182 3230 (Neuius

166 3230 481 3300 Lugd.‚cuiusDresd.
517 3229 756 3284 tribaceloscri
777 3229 1181 3286 sitribasceloed.Mediol.

167 3299 339 3355 tribaselo
358 3301 419 3356 cod.
438 3299 527 3372 Lugd.
551 3300 738 3355 tribasello
783 3301 849 3356 and.
873 3303 927 3355 ter
944 3301 1065 3360 basolo
1083 3303 1182 3359 Dresd.

167 3370 349 3441 Triphallo
368 3371 498 3442 Bothius)
517 3371 551 3426 cf.
571 3370 666 3426 Plauti
684 3371 767 3426 Most.
783 3377 844 3427 283.

240 3495 369 3549 adimant
381 3495 490 3563 Drced„
504 3497 565 3551 edd.
576 3495 654 3551 Rom.
670 3496 751 3551 Vero.
766 3494 965 3552 adimantus
1003 3498 1029 3552 d.
1045 3497 1183 3552 adiuuent

168 3567 273 3636 (laud,
292 3568 352 3622 cdd.
372 3566 448 3621 Med.
471 3567 551 3622 Toou.
606 3568 635 3620 et
652 3569 773 3621 matrem
791 3569 820 3621 et
838 3568 949 3636 patrem
1014 3569 1059 3639 qd.
