2674 3950
206 201 272 266 aso
645 198 782 282 rovrvs

664 361 758 427 Vfflb

153 489 204 537 110
215 520 436 535 .....
482 471 608 554 aliquot
631 469 847 554 altipe'ndulos

213 575 418 660 Reliquimus
440 576 622 640 uindemiae
645 576 844 660 superstites.

277 704 339 768 laq.
359 699 495 753 Numeros
513 700 638 753 iudicavi

275 805 319 858 Fr.
334 805 373 858 IX
391 804 466 859 inter
483 804 644 859 Naevianas
664 821 767 872 quaere
785 805 920 873 reliquias
939 822 1009 862 com.
1025 805 1079 860 inc.
1094 805 1194 862 XXIX.

151 1093 202 1141 113
699 991 726 1049 X
792 1075 870 1159 quid
892 1075 1013 1162 ploras,
1039 1077 1152 1161 pater?
1176 1115 1219 1123 -

203 1181 324 1244 Mirum
347 1181 382 1244 ni
405 1184 531 1245 cantem
555 1233 561 1246 .
587 1233 593 1245 .
617 1181 846 1246 condemnatus
869 1205 950 1248 sum.

275 1300 370 1356 Cicero
390 1302 424 1356 de
444 1305 514 1356 orat.
529 1303 555 1356 II
574 1309 616 1372 69,
632 1309 683 1357 279
705 1304 760 1357 ‘me
783 1303 897 1372 quidem
919 1304 1033 1358 hercule
1057 1304 1143 1359 etiam
1166 1305 1219 1359 illa

202 1373 287 1428 ualde
310 1376 426 1428 mouent
451 1374 630 1428 stomachosa
653 1377 682 1428 et
707 1375 789 1443 quasi
812 1375 977 1430 submorosa
1001 1375 1134 1445 ridicula,
1162 1395 1221 1431 non

203 1463 266 1499 cum
280 1463 298 1499 a
311 1461 421 1499 moroso
439 1445 582 1514 dicuntur,
602 1449 663 1500 tum
677 1445 752 1500 enirn
769 1463 827 1500 non
846 1447 896 1515 sal,
916 1447 965 1500 sed
983 1449 1086 1501 natura
1101 1447 1219 1504 ridetur.

201 1517 234 1570 In
253 1533 321 1585 quo,
345 1519 377 1570 ut
395 1515 465 1569 mihi
484 1516 609 1586 uidetur,
632 1517 790 1586 persalsum
810 1517 883 1572 illud
902 1521 945 1572 est
964 1518 1040 1588 apud
1059 1518 1219 1575 Nouium:

204 1587 284 1656 quid’
300 1604 323 1642 e.
339 1605 365 1655 q.
381 1605 402 1641 s.

275 1700 341 1763 loq.
367 1692 459 1758 Quid?
484 1695 591 1764 ploras,
614 1697 714 1764 pater?
738 1698 750 1757 ll
773 1695 875 1749 mirum
897 1695 928 1748 ni
952 1699 1003 1766 (orl
1024 1696 1127 1750 mirum
1149 1696 1220 1764 quin

202 1767 271 1820 coel.
287 1765 390 1820 Plauti
407 1766 485 1820 Tria.
498 1765 564 1834 495)
588 1769 712 1822 cantem:
738 1767 939 1821 condemnatus
964 1785 1025 1821 sum
1047 1770 1220 1837 septenarius

198 1839 308 1906 placuit
333 1853 469 1906 anonymo
496 1839 529 1891 ia
556 1837 698 1892 Leutscbc'c'
721 1839 780 1892 trid.
800 1840 897 1908 philol.
920 1844 988 1893 1870
1010 1857 1040 1908 p.
1061 1845 1126 1907 392,
1153 1841 1219 1894 ilem

203 1909 329 1978 Beryllo.
356 1908 449 1962 Inseri
466 1925 513 1979 epo
532 1910 639 1978 quidem
657 1925 742 1962 causa
760 1911 802 1964 uel
820 1909 921 1978 capItis
940 1913 1020 1966 velc'm
1080 1917 1095 1963 2
1115 1908 1219 1964 mirum

203 1996 252 2033 osa.
267 1980 343 2034 codd.
358 1980 451 2033 mutili

689 2094 732 2152 XI
1325 2113 1326 2160 l

149 2193 331 2270 115Quainti
354 2193 537 2258 addictust?
561 2232 603 2240 —
626 2193 717 2258 Mille
739 2217 916 2261 nummum.
939 2235 980 2244 -
1004 2197 1098 2264 Nihil
1121 2199 1219 2264 addo:

843 2304 939 2368 ducas
962 2305 1047 2369 licet.

274 2421 369 2476 Cicero
389 2423 424 2476 de
443 2425 513 2478 orat.
531 2423 557 2476 Π
575 2429 618 2494 63,
633 2429 684 2478 255
706 2423 895 2478 ‘notissimum
913 2425 1027 2480 ridiculi
1044 2444 1133 2496 genus
1153 2444 1218 2481 cum

203 2491 282 2546 aliud
307 2496 499 2563 expectamus,
529 2495 606 2548 aliud
633 2495 743 2550 dicItur.
780 2495 834 2549 Hic
858 2496 1000 2551 nobismet
1025 2497 1095 2567 ipsis
1120 2501 1218 2552 noster

202 2581 277 2618 error
299 2563 387 2618 risum
409 2568 512 2619 mouet.
551 2565 675 2631 Quodsi
698 2567 854 2620 admixtum
873 2569 916 2620 cst
937 2568 1025 2622 etiam
1043 2568 1216 2640 ambiguum,

201 2635 233 2689 fit
252 2634 366 2704 salsius,
388 2638 421 2688 ut
440 2637 515 2704 apud
534 2637 680 2690 Nouium
698 2638 811 2692 uidetur
829 2654 890 2692 esse
908 2638 1065 2694 misericors
1083 2639 1145 2709 ille,
1166 2641 1218 2708 qui

201 2705 357 2760 iudicatum
372 2707 437 2760 duci
451 2707 551 2761 uidens
567 2711 749 2778 percontatur
762 2709 816 2764 ita:
836 2709 959 2777 quanti
975 2754 980 2765 .
997 2755 1002 2765 .
1020 2755 1024 2765 .
1039 2729 1215 2766 nummum.

202 2777 231 2831 Si
255 2777 412 2832 addidisset
434 2781 547 2832 tantum
573 2780 656 2833 modo
683 2780 786 2834 ducas
811 2779 908 2848 licet,
935 2784 1009 2835 esset
1031 2781 1103 2834 illud
1126 2799 1216 2852 genus

199 2848 313 2902 ridiculi
331 2852 443 2918 praeter
462 2850 698 2920 expectationem,
718 2851 768 2905 sed
786 2850 853 2918 quia
872 2851 985 2906 addidit
1002 2852 1093 2906 nihil
1112 2853 1215 2924 addo,

201 2920 304 2974 ducas
332 2919 430 2990 licet,
463 2921 560 2976 addito
585 2921 732 2992 ambiguo,
760 2921 848 2976 altero
872 2939 973 2992 genere
996 2923 1122 2992 ridiculi,
1150 2924 1216 2994 fuIt,

200 2993 232 3044 ut
250 2990 321 3044 mihi
339 2991 454 3059 quidem
471 2993 593 3062 uidetur,
613 2993 804 3048 salsissimus.’
842 2993 1010 3048 Naeuium
1028 2995 1155 3050 Laudun.

231 3171 244 3222 t
271 3097 416 3222 {didicpust
424 3101 524 3167 mutili,
534 3101 591 3154 uisi
599 3101 671 3170 quod
682 3099 836 3154 adductust
845 3101 927 3156 Harl.
939 3101 1069 3156 addictus
1080 3102 1215 3159 Laudem.

200 3185 229 3223 es
258 3185 275 3222 a
315 3186 350 3222 ue
365 3186 414 3240 ax

678 3286 737 3344 XII

200 3437 423 3450 .....
469 3386 595 3470 sapiens
619 3387 646 3450 si
670 3386 806 3474 algebis,
829 3367 970 3452 tremes*

271 3506 367 3573 Cicero
387 3507 421 3560 de
441 3509 510 3562 orat.
525 3507 551 3559 II
572 3512 612 3575 70,
630 3512 682 3560 285
703 3509 830 3576 ‘praeter
853 3509 1077 3579 expectationem
1101 3511 1215 3579 accidit,

200 3579 233 3631 ut
255 3581 357 3632 testem
380 3577 505 3632 omnium
527 3577 600 3632 risus
624 3579 761 3634 obrueret.
798 3579 888 3634 Huius
912 3580 1022 3651 generis
1047 3584 1090 3636 est
1112 3581 1215 3652 plenus
