2670 3948
504 200 670 256 GAEOILIV
671 201 689 254 S
709 199 861 255 stativs

663 437 708 497 VI

709 556 788 642 quid
811 556 873 622 tibi
897 556 1101 642 aucupdtiost

172 663 411 751 Argumentum
434 667 491 728 aut
514 663 552 728 de
576 664 685 728 amdre
708 663 944 728 uerbificitiost

157 830 161 836 .
172 770 286 836 Patri?

244 910 372 965 Donatus
395 909 426 963 in
445 909 506 965 Ter.
529 925 592 966 eun.
606 910 646 965 IV
660 916 722 978 4‚4
747 908 828 977 ‘quid
855 907 945 962 uestis
972 908 1125 982 mutatiot]
1154 909 1194 964 sic

173 984 283 1036 ueteres
357 980 495 1036 Caecilius
520 978 714 1053 ἁρπαζομένῃε
738 979 818 1048 quid’
840 995 863 1035 e.
878 997 905 1048 q.
921 996 942 1034 s.
980 978 1131 1048 (Caelius
1151 981 1193 1035 ed.

173 1053 248 1108 Med.
268 1052 383 1107 (lelius
397 1053 460 1106 Par.
471 1051 562 1123 Lugd.
573 1052 681 1119 Dresd.,
696 1051 758 1106 edd.
769 1051 849 1106 Rom.
860 1049 944 1105 Vind.
955 1050 1038 1105 Tarv.
1084 1051 1194 1121 ἁρπα-

174 1123 315 1196 ζομένῃ]
338 1122 373 1176 in
445 1123 508 1177 Par.
532 1123 622 1192 Lugd.
647 1122 759 1192 Dresd.‚
787 1121 858 1176 item
884 1122 989 1176 lacuna
1015 1121 1193 1193 interposita,

174 1196 225 1250 sed
243 1213 297 1251 cm.
316 1193 351 1248 in
370 1194 433 1250 edd.
452 1194 534 1249 Rom,
554 1193 639 1249 Vind.
658 1194 741 1250 Tarv.
760 1194 846 1264 Med.)

223 1319 350 1389 'lqnid
372 1318 428 1373 tibi
449 1336 510 1374 aaa
532 1335 594 1374 aem
615 1320 728 1386 fatalia
750 1320 860 1377 nomine
883 1319 986 1373 laetata
1004 1319 1145 1374 intercidit
1162 1321 1196 1373 ia·

174 1393 215 1448 ed.
234 1391 311 1447 Med.
367 1389 495 1460 acceptio
510 1390 577 1446 Par.
592 1391 684 1462 Luqd.
699 1391 798 1445 Dresd.
855 1392 898 1443 est
915 1406 966 1445 cm.
986 1391 1045 1445 edd.
1060 1397 1121 1445 cett.

175 1470 192 1517 2
215 1459 375 1531 argumenti
398 1462 466 1516 Par.
490 1461 581 1532 Laud.
655 1477 750 1514 amore
776 1460 882 1529 Gand„
908 1459 1001 1516 Iactus
1019 1479 1050 1531 p.
1071 1467 1104 1514 72
1131 1477 1194 1514 mec

175 1548 310 1603 amorem
364 1533 475 1588 Iamtos
492 1534 635 1588 constituit
652 1533 758 1600 Iacche,
782 1539 846 1586 ante
867 1549 946 1601 quem
963 1534 1083 1588 trochaei
1105 1534 1195 1587 tade-

176 1607 279 1660 bantur
784 1655 788 1664 .

609 1735 764 1795 HYMNIS

249 1869 289 1924 cf.
303 1866 568 1940 ὝμνιςΜθιιωιόιίι
587 1867 764 1922 Meretricem
773 1867 917 1938 Hymnide
931 1883 982 1923 suo
997 1885 1060 1923 aere
1071 1870 1196 1938 emptam

176 1957 262 1996 senex
273 1943 356 2010 pater
370 1940 422 1994 alii
431 1940 620 2010 desponsnrus
631 1942 682 2009 est,
696 1943 729 1994 ut
739 1939 847 1994 amanti
857 1939 916 1995 filio
927 1956 1006 2010 spem
1014 1939 1194 2008 intercludat,
1287 1987 1301 2007 ¹.

175 2012 209 2068 fr.
219 2013 239 2066 Ι.
263 2012 305 2066 De
320 2011 505 2066 altercatione
519 2011 645 2080 quadam
657 2013 748 2065 restat
761 2011 794 2065 fr.
804 2011 850 2066 ΠΙ.
873 2011 1105 2082 Philosophantis
1120 2010 1197 2064 enim

104 2079 106 2084 ’
176 2082 412 2154 inportunitatem
424 2082 569 2154 inpatiens
584 2081 749 2137 adulescens
759 2081 949 2152 reprehendit,
964 2081 1038 2138 alter
1048 2085 1144 2138 autem
1152 2081 1197 2136 in-

175 2154 271 2208 ridens
285 2154 405 2224 quaerit,
424 2154 494 2222 quid
508 2152 539 2207 ni
552 2153 622 2224 ipse,
637 2171 701 2208 cum
714 2153 757 2207 ita
771 2153 913 2208 animatus
928 2153 974 2223 sit,
988 2153 1086 2224 gladio
1099 2153 1195 2224 potius

176 2225 207 2279 in
229 2225 385 2279 ferventem
406 2224 488 2279 illam
513 2228 637 2278 scutram
659 2224 769 2280 inruat:
797 2224 828 2278 ni
846 2224 949 2279 mirum
966 2224 1104 2279 violentia
1121 2223 1195 2278 nihil

176 2296 223 2350 hic
245 2295 350 2365 profici.
388 2295 474 2351 Porro
499 2298 610 2350 asctnm
633 2296 843 2350 adulescentem
862 2295 944 2350 andis
962 2295 997 2351 tr.
1011 2297 1058 2350 IV.
1073 2296 1120 2352 VI.
1135 2295 1196 2363 VII,

176 2369 287 2437 patrem
306 2370 402 2422 autem
420 2367 452 2422 fr.
468 2367 540 2422 VHI.
664 2386 666 2390 ·

680 2483 696 2540 I

124 2727 158 2778 65
176 2707 336 2776 Miletida:
360 2730 420 2796 ego
444 2708 534 2773 illam
557 2707 633 2772 huic
657 2599 875 2793 desiliillbc,
898 2712 931 2773 et
953 2709 1052 2796 gndto
1076 2707 1196 2772 saltum

928 2813 1096 2899 obsipiam.

250 2954 400 3010 Diomedes
418 2972 445 3023 p.
461 2959 513 3007 378
527 2954 558 3008 P.
584 2954 671 3022 ‘quod
691 2953 778 3025 uulgo
800 2954 916 3024 obsepic
936 2952 1067 3021 dicimus,
1086 2955 1196 3007 ueteres

180 3025 318 3096 obsipio
337 3025 476 3079 dixerunt.
510 3023 649 3078 Caecilius
667 3025 865 3095 inHymnide:
884 3025 984 3080 habes’
1001 3040 1024 3080 e.
1039 3042 1066 3093 q.
1082 3042 1103 3078 s.
1141 3023 1197 3092 (im

179 3096 342 3166 hymnide
355 3097 418 3152 Par.
428 3097 454 3150 A
468 3098 505 3164 et,
519 3095 576 3148 nisi
590 3096 666 3164 quod
679 3096 727 3165 in,
747 3097 856 3153 Monac.
872 3097 966 3152 Pax-‚B
983 3095 1027 3150 im
1040 3093 1198 3166 hymnite

181 3168 241 3223 cod.
262 3165 401 3237 Scioppii‚
421 3184 474 3222 om.
494 3166 557 3220 edd.
576 3169 656 3236 vett.)

253 3298 267 3345 1
287 3291 376 3347 habes
395 3291 501 3347 Pan
521 3291 642 3360 Monac,
662 3291 768 3346 Par.B
786 3309 820 3346 m.
836 3297 861 3360 2,
880 3291 937 3347 cod.
958 3291 1083 3362 Scioppie'
1100 3293 1199 3362 (toqui-

180 3370 227 3419 twr
249 3381 311 3418 cum
334 3367 429 3419 namn
451 3366 543 3443 cenea)
567 3361 629 3443 abis
653 3363 720 3417 Par.
736 3364 764 3416 Β
782 3380 816 3416 m.
832 3380 890 3432 pa,
914 3380 965 3418 om.
984 3365 1044 3418 edd.
1063 3369 1124 3418 cett.

181 3441 198 3488 2
216 3433 348 3488 Miletida
361 3435 482 3490 Bottius
500 3433 661 3488 Milet1dam
674 3455 705 3503 ω,
724 3452 742 3488 a
757 3433 875 3490 Caecilio
892 3436 987 3503 ntique
1004 3435 1128 3489 alienum
1140 3435 1197 3489 vid.

180 3504 375 3560 mulierculam
392 3507 452 3560 edd.
466 3511 527 3560 cett.
583 3507 612 3560 et
629 3507 698 3559 nato
716 3507 815 3575 (gnato
829 3505 998 3576 Spmqettaa)
1015 3506 1096 3577 vulso
1115 3507 1145 3559 et
1163 3521 1200 3560 ex

181 3578 249 3631 nato
268 3577 364 3645 Para,
382 3578 440 3633 cod.
460 3576 585 3648 Scioppis'
603 3579 632 3630 ct
651 3578 785 3631 extante
805 3576 918 3632 Monac.
